
@string { tom = "{Brown}, T.C." }
@string { shiue = "{Shiue}, P.J.-S." }
@string { jctsa = "J. Combin. Theory Ser. A" }
@string { jlms = "J. London Math. Soc." }
@string { proc_ams = "Proc. Amer. Math. Soc." }
@string { integers = "INTEGERS - Elect. J. Combin. Number Theory" }


@Article{abel+siebert1993,
  author	= "Abel, V. and Siebert, H.",
  title		= "Sequences with large number of prime values",
  journal	= "Amer. Math. Monthly",
  volume	= 100,
  year		= 1993,
  pages		= "167--169"
}


@Article{adams+davison1977,
  author	= "{Adams}, W.W. and {Davison}, J.L.",
  title		= "A remarkable class of continued fractions",
  journal	= proc_ams,
  volume	= 65,
  year		= 1977,
  pages		= "194--198"
}

@Book{adamek+herrlich+strecker1990,
  author	= "Ad\'amek, J. and Herrlich, H. and Strecker, G.E.",
  title		= "Abstract and Concrete Categories: The Joy of Cats",
  series	= "Pure and Applied Mathematics",
  publisher	= "John Wiley \& Sons Inc.",
  address	= "New York",
  year		= 1990
}


@Article{alkan+brown+sertel1983,
  author	= "Alkan, Ahmet and Brown, T.C. and Sertel, Murat",
  title		= "Probabilistic prospects of {Stackelberg} leader and follower",
  journal	= "J. Optimization Theory and Applications",
  volume	= 39,
  year		= 1983,
  pages		= "379--389"
}


@inProceedings{alkan+sertel1980,
  author	= "Alkan, A. and Sertel, M.R.",
  title		= "The Pretend-But-Perform mechanism in sharecropping",
  booktitle	= "Paper presented at the Workshop on Economics of Internal Organization",
  publisher	= "IIM",
  address	= "Berlin, Germany",
  year		= 1980
}


@Article{alon+zaks1998,
  author	= "Alon, N. and Zaks, A.",
  title		= "Progresssions in sequences of nearly consecutive integers",
  journal	= jctsa,
  volume	= 84,
  year		= 1998,
  pages		= "99--109"
}


@Article{alspach+brown+hell1976,
  author	= "Alspach, B. and Brown, T.C. and Hell, P.",
  title		= "On the density of sets containing no $k$-element arithmetic progressions of a certain kind",
  journal	= "J. London Math. Soc. (2)",
  volume	= 13,
  year		= 1976,
  pages		= "226--234"
}

@Article{anderson1976,
  author	= "Anderson, Peter G.",
  title		= "A generalization of {Baudet's} conjecture (van der Waerden's theorem)",
  journal	= "Amer. Math. Monthly",
  volume	= 83,
  year		= 1976,
  pages		= "359--361"
}


@Misc{andersonPC,
  author	= "Anderson, Peter G.",
  title		= "personal communication",
}


@Article{anderson+brown+shiue1995,
  author	= "{Anderson}, P.G. and " # tom # " and " # shiue,
  title		= "A simple proof of a remarkable continued fraction identity",
  journal	= proc_ams,
  volume	= 123,
  year		= 1995,
  pages		= "2005--2009"
}

@misc{andresen2012-1,
  author	= "Andresen, G.",
  howpublished	= "{Bitcoin} Improvement Proposal",
  title		= "{BIP34}: Block v2, Height in Coinbase",
  note		= "\url{https://github.com/bitcoin/bips/blob/master/bip-0034.mediawiki}",
  year		= 2012
}

@misc{andresen2012-2,
  author	= "Andresen, G.",
  howpublished	= "{Bitcoin} Improvement Proposal",
  title		= "{BIP16}: Pay to Script Hash",
  note		= "\url{https://github.com/bitcoin/bips/blob/master/bip-0016.mediawiki}",
  year		= 2012
}

@Book{andrews1976,
  author	= "Andrews, G.E.",
  title		= "The Theory of Partition",
  series	= "Encyclopedia of Mathematics and its Applications",
  volume	= 2,
  publisher	= "Addison-Wesley",
  address	= "Reading, Mass.",
  year		= 1976
}


@Article{apostol1970,
  author	= "Apostol, T.M.",
  title		= "M{\"o}bius functions of rank $k$",
  journal	= "Pacific J. Math",
  volume	= 32,
  year		= 1970,
  pages		= "21--27"
}


@Book{apostol1976,
  author	= "Apostol, T.M.",
  title		= "Introduction to Analytic Number Theory",
  series	= "Undergraduate Texts in Mathematics",
  publisher	= "Springer-Verlag",
  address	= "New York-Heidelberg",
  year		= 1976
}


@Article{atiyah1989,
  author	= "Atiyah, Michael",
  title		= "Topological quantum field theories",
  journal	= "Inst. Hautes Ã‰tudes Sci. Publ. Math.",
  volume	= 68,
  year		= 1989,
  pages		= "175--186"
}


@Article{ardal+brown+pleasants2005,
  author	= "Ardal, Hayri and Brown, Tom and Pleasants, Peter A.B.",
  title		= "Almost disjoint families of 3-term arithmetic progressions",
  journal	= jctsa,
  volume	= 109,
  year		= 2005,
  pages		= "75--90"
}


@Article{ardal+brown+jungic2011,
  author	= "Ardal, Hayri and Brown, Tom and Jungi\'c, Veselin",
  title		= "Chaotic Orderings of the Rationals and Reals",
  journal	= "Amer. Math. Monthly",
  volume	= 118,
  year		= 2011,
  pages		= "921--925"
}


@Article{ardal+brown+jungic+sahasrabudhe2012,
  author	= "Ardal, Hayri and Brown, Tom and Jungi\'c, Veselin and Sahasrabudhe, Julian",
  title		= "On abelian and additive complexity in infinite words",
  journal	= integers,
  volume	= 12,
  pages		= "\#A21",
  year		= 2012
}


@Article{aronszajn+panitchpakdi1956,
  author	= "Aronszajn, N. and Panitchpakdi, P.",
  title		= "Extension of uniformly continuous transformations and hyperconvex metric spaces",
  journal	= "Pacific J. Math.",
  volume	= 6,
  year		= 1956,
  pages		= "405--439"
}


@Article{arshon1937,
  author	= "Arshon, S.",
  title		= "D\'emonstration de l'\'existence des suites asym\'etriques infinites",
  journal	= "Mat. Sb. (=Recueil Mat.)",
  volume	= 2,
  number	= 44,
  year		= 1937,
  pages		= "769--779",
  note		= "(Russian, with French summary)"
}


@TechReport{aspnes+jackson+krishnamurthy2005,
  author	= "Aspnes, J. and Jackson, C. and Krishnamurthy, A.",
  title		= "Exposing Computationally-Challenged {Byzantine} Impostors",
  year		= 2005,
  institution	= "Yale University",
  number	= "YALEU/DCS/TR-1332",
  note		= "\url{http://www.cs.yale.edu/homes/aspnes/papers/tr1332.pdf}"
}


@Article{au+robertson+shallit2011,
  author	= "Au, Yu-Hin and Robertson, Aaron and Shallit, Jeffrey",
  title		= "Van der Waerden's theorem and avoidability in Words",
  journal	= integers, 
  volume	= 11,
  year		= 2011,
  pages		= "\#A6"
}


@Article{avgust+frid+kamae+samilov2011,
  author	= "Avgustinovich, S.V. and Frid, A. and Kamae, T. and Samilov, P.V.",
  title		= "Infinite permutations of lowest maximal pattern complexity",
  journal	= "Theoretical Computer Science",
  volume	= 412,
  year		= 2011,
  pages		= "2911--2921"
}

@misc{back2002,
  author	= "Back, A.",
  title		= {Hashcash --- A Denial of Service Counter-Measure},
  year		= 2002,
  note		= {\url{http://hashcash.org/papers/hashcash.pdf}}
}

@misc{back2013-0,
  author	= "Back, A.",
  title		= {{[Bitcoin-development]} is there a way to do bitcoin-staging?},
  year		= 2013,
  note		= {Mailing list post, \url{http://sourceforge.net/p/bitcoin/mailman/message/30868065/}}
}

@misc{back2013-1,
  author	= "Back, A.",
  title		= {Re: {[Bitcoin-development]} is there a way to do bitcoin-staging?},
  year		= 2013,
  note		= {Mailing list post, \url{http://sourceforge.net/p/bitcoin/mailman/message/31519067/}}
}

@misc{back2013-2,
  author	= "Back, A.",
  title		= {bitcoins with homomorphic value (validatable but encrypted)},
  year		= 2013,
  note		= {{BitcoinTalk} post, \url{https://bitcointalk.org/index.php?topic=305791.0}}
}

@Article{badea1987,
  author	= "Badea, C.",
  title		= "The irrationality of certain infinite series",
  journal	= "Glasgow Math. J.",
  volume	= 29,
  year		= 1987,
  pages		= "221--228"
}

@article{bahack2013,
  title		= "Theoretical {Bitcoin} Attacks with less than Half of the Computational Power (draft)",
  author	= {Bahack, L.},
  journal	= {arXiv preprint arXiv:1312.7013},
  year		= 2013
}

@Article{bang1957,
  author	= "Bang, T.",
  title		= "On the sequence $[n\alpha]$",
  journal	= "Math. Scand.",
  volume	= 5,
  year		= 1957,
  pages		= "69--76"
}


@inProceedings{barak+goldreich+impagliazzo+rudich+sahai+vadhan+yang2001,
  author	= "Barak, B. and Goldreich, O. and Impagliazzo, R. and Rudich, S. and Sahai, A. and Vadhan, S.P. and Yang, K.",
  title		= "On the (im)possibility of obfuscating programs",
  booktitle	= {CRYPTO},
  year		= 2001,
  pages		= "1--18"
}

@Article{barnabei+brini+rota1986,
  author	= "Barnabei, M. and Brini, A. and Rota, G.-C.",
  title		= "Theo theory of M{\"o}bius functions",
  journal	= "Russian Math. Surveys",
  volume	= 41,
  year		= 1986,
  pages		= "135--188"
}


@inProceedings{bate+skillicorn1981,
  author	= "Bate, J.A. and Skillicorn, D.B.",
  title		= "Sequences, arithmetic-progression free sets and van der Waerden numbers",
  booktitle	= "Proceedings of the Tenth Manitoba Conference on Numerical Mathematics and Computing, Vol. I (Winnipeg, Man., 1980)",
  year		= 1980,
  pages		= "203--211",
  note		= "Congr. Numer. 30"
}


@Article{bateman1958,
  author	= "Bateman, P.T.",
  title		= "Remark on a Recent Note on Linear Forms",
  journal	= "Amer Math. Monthly",
  volume	= 65,
  year		= 1958,
  pages		= "517--518"
}


@Book{barr+wells1985,
  author	= "Barr, Michael and Wells, Charles",
  title		= "Toposes, Triples and Theories",
  publisher	= "Springer-Verlag",
  address	= "New York",
  year		= 1985,
  note		= "Available online at http://www.tac.mta.ca/tac/reprints/articles/12/tr12abs.html."
}

@inProceedings{barrington1986,
  author	= "Barrington, D.A.",
  title		= "Bounded-width polynomial-size branching programs recognize exactly those languages in {NC}$^1$",
  booktitle	= "Proceedings of the eighteenth annual ACM symposium on Theory of Computing",
  address	= "STOC '86",
  year		= 1986
}


@Article{beatty1927,
  author	= "Beatty, S.",
  title		= "Problem 3173",
  journal	= "American Mathematical Monthly",
  volume	= 34,
  year		= 1927,
  pages		= "159"
}


@Article{bell1943,
  author	= "Bell, E.T.",
  title		= "Interpolated denumerants and Lambert series",
  journal	= "Amer. J. Math.",
  volume	= 65,
  year		= 1943,
  pages		= "382--386"
}

@PhdThesis{beimel1996,
  author	= "Beimel, A.",
  title		= "Secure Schemes for Secret Sharing and Key Distribution",
  school	= "Israel Institute of Technology",
  year		= 1996,
  address	= "Technion, Haifa, Israel"
}


@Article{bender+goldman1975,
  author 	= "Bender, E.A. and Golbman, J.R.",
  title		= "On the application of M{\"o}bius inversion in combinatorial analysis",
  journal	= "Amer. Math. Monthly",
  volume	= 82,
  year		= 1975,
  pages		= "789--803"
}

@Article{bennett+brassard+crepeau+jozsa+peres+wootters1993,
  author	= "Bennett, C.H. and Brassard, G. and Cr\'epeau, C. and Jozsa, R. and Peres, A. and Wootters, W.K.",
  title		= "Teleporting an Unknown Quantum State via Dual Classical and Einstein-Podolsky-Rosen Channels",
  journal	= "Phys. Rev. Lett.",
  volume	= 70,
  pages		= "1895--1899",
  year		= 1993
}


@misc{ben-sasson+chiesa+genkin+tromer+virza2013,
    author = {E. Ben-Sasson and A. Chiesa and D. Genkin and E. Tromer and M. Virza},
    title = {{SNARKs} for {C}: Verifying Program Executions Succinctly and in Zero Knowledge},
    howpublished = {Cryptology ePrint Archive, Report 2013/507},
    year = {2013},
    note = {\url{http://eprint.iacr.org/2013/507}}
}

@misc{ben-sasson+chiesa+tromer+virza2013,
    author = {E. Ben-Sasson and A. Chiesa and E. Tromer and M. Virza},
    title = {Succinct Non-Interactive Zero Knowledge for a von Neumann Architecture},
    howpublished = {Cryptology ePrint Archive, Report 2013/879},
    year = {2013},
    note = {\url{http://eprint.iacr.org/2013/879}}
}

@Article{bergelson+furstenberg+hindman+katznelson1989,
  author	= "Bergelson, Vitaly and Furstenberg, Hillel and Hindman, Neil and Katznelson, Yitzhak",
  title		= "An algebraic proof of van der {Waerden's} theorem",
  journal	= "Enseign. Math. (2)",
  volume	= 35,
  year		= 1989,
  pages		= "209--215"
}


@Article{bergelson+hindman+mccutcheon1998,
  author	= "Bergelson, V. and Hindman, N. and {McCutcheon}, R.",
  title		= "Notions of size and combinatorial properties of quotient sets in semigroups",
  journal	= "Topology Proc.",
  volume	= 23,
  year		= 1998,
  pages		= "23--60"
}


@Article{bergelson+liebman1996,
  author	= "Bergelson, V. and Liebman, A.",
  title		= "Polynomial extensions of {van der Waerden's} and {Szemer\'edi's} theorems",
  journal	= "J. Amer. Math. Soc.",
  volume	= 9,
  year		= 1996,
  pages		= "725--753"
}


@inCollection{bergelson1996,
  author	= "Bergelson, Vitaly",
  title		= "Ergodic {Ramsey} theory -- an update",
  booktitle	= "Ergodic theory of $Z^d$-actions (Warwick, 1993--1994)",
  series	= "London Math. Soc. Lecture note Ser.",
  volume	= 228,
  publisher	= "London Math. Soc.",
  address	= "Cambridge, U.K.",
  year		= 1996,
  pages		= "1--61"
}


@Article{berlekamp1968,
  author	= "Berlekamp, E.R.",
  title		= "A construction for partitions which avoid long arithmetic progressions",
  journal	= "Canad. Math. Bull.",
  volume	= 11,
  year		= 1968,
  pages		= "409--414"
}


@Article{bernoulli1772,
  author	= "{Bernoulli III}, J.",
  title		= "Sur une nouvelle espece de calcul",
  journal	= "Recueil pour les Astronomes",
  volume	= "1",
  year		= "Berlin, 1772",
  pages		= "255--284"
}


@inProceedings{berstel1980,
  author	= "Berstel, J.",
  title		= "Mots de Fibonacci",
  booktitle	= "Seminaire d'Informatique Theoreique",
  year		= "1980/81",
  address	= "Paris",
  pages		= "57--58"
}


@inCollection{berstel+seebold,
  author	= "{Berstel}, J. and {S\'e\'ebold}, P.",
  title		= "{Sturmian} words",
  pages		= "45--110",
  crossref	= {lothaire2002}
}


@Article{beumer1962,
  author	= "Beumer, M.G.",
  title		= "The arithmetical function $\tau_K(N)$",
  journal	= "Amer. Math. Monthly",
  volume	= 69,
  year		= 1962,
  pages		= "777--781"
}


@misc{boneh+boyen2004,
    author = {D. Boneh and X. Boyen},
    title = {Secure Identity Based Encryption Without Random Oracles},
    howpublished = {Cryptology ePrint Archive, Report 2004/173},
    year = {2004},
    note = {\url{http://eprint.iacr.org/2004/173}}
}


@Article{borel+laubie1991,
  author	= "Borel, J.-P. and Laubie, F.",
  title		= "Construction de mots de {Christoffel}",
  journal	= "C. R. Acad. Sci. Paris (I)",
  volume	= 313,
  year		= 1991,
  pages		= "483--485"
}


@Article{borel+laubie1993,
  author	= "Borel, J.-P. and Laubie, F.",
  title		= "Quelques mots sur la droite projective r\'eelle",
  journal	= "J. Th\'eorie des Nombres de Bordeaux",
  volume	= 5,
  pages		= "23--51",
  year		= 1993
}


@Article{braunholtz1963,
  author	= "Braunholtz, C.H.",
  title		= "Solution to Problem 5030 [1962, 439]",
  journal	= "Amer. Math. Monthly",
  volume	= 70,
  year		= 1963,
  pages		= "675--676"
}


@Article{breuer1995,
  author	= "Breuer, Thomas",
  title		= "The Impossibility of Accurate State Self-Measurements",
  journal	= "Philosophy of Science",
  volume	= 62,
  number	= 2,
  year		= 1995,
  pages		= "197--214"
}



@Book{lothaire1997,
  editor	= "{Lothaire}, M.",
  title		= "Combinatorics on words",
  publisher	= "Cambridge University Press",
  address	= "Cambridge Mathematical Library, Cambridge",
  year		= 1997,
  note		= "Corrected reprint of the 1983 original, with a new preface by Perrin",
  isbn		= "0-521-59924-5"
}


@Book{lothaire2002,
  editor	= "{Lothaire}, M.",
  booktitle	= "Algebraic Combinatorics on Words",
  series	= "Encyclopedia of Mathematics and its Applications",
  volume	= 90,
  year		= 2002,
  publisher	= "Cambridge University Press, Cambridge"
}


@Article{baez1993,
  author	= "Baez, J.C.",
  title		= "Quantum Gravity and the Algebra of Tangles",
  journal	= "Classical and Quantum Gravity",
  volume	= 10,
  year		= 1993,
  pages		= "673"
}


@Article{beck1980,
  author	= "Beck, J.",
  title		= "A remark concerning arithmetic progressions",
  journal	= "J. Combin. Theory Ser. A",
  volume	= 29,
  year		= 1980,
  pages		= "376--377"
}


@Unpublished{beck+robins,
  author	= "Beck, M. and Robins, S.",
  title		= "A formula related to the {Frobenius} problem in two dimensions",
  note		= "Number Theory, Springer-Verlag, New York, to appear"
}


@Article{beeler1983,
  author	= "Beeler, Michael D.",
  title		= "A new van der Waerden number",
  journal	= "Discrete Appl. Math.",
  volume	= 6,
  year		= 1983,
  pages		= "207"
}


@Article{beeler+oneil1971,
  author	= "Beeler, Michael D. and O'Niel, Patrick E.",
  title		= "Some new van der {Waerden} numbers",
  journal	= "Discrete Math.",
  volume	= 28,
  year		= 1971,
  pages		= "135--146"
}


@Article{behrend1938,
  author	= "Behrend, F.",
  title		= "On sequences of integers containing no arithmetic progression",
  journal	= "\u{C}asopis Mat. Fys. Praha (\u{C}ast Mat.)",
  volume	= 67,
  year		= 1938,
  pages		= "235--239"
}


@Article{bohmer1926,
  author	= "B{\"o}hmer, P.E.",
  title		= "{\"U}ber die Transzendenz gewisser dyadischer Br{\"u}che",
  journal	= "Math. Ann.",
  volume	= 96,
  year		= 1926,
  pages		= "367--377",
  note		= "erratum 96 (1926) 735"
}


@Article{borwein+borwein1993,
  author	= "Borwein, J.M. and Borwein, P.B.",
  title		= "On the generating function of the integer part: $[n\alpha+\gamma]$",
  journal	= "J. Number Theory",
  volume	= 43,
  year		= 1993,
  pages		= "293--318"
}


@Book{bourbaki1989,
  author	= "Bourbaki, Nicolas",
  title		= "General Topology",
  address	= "Berlin",
  publisher	= "New York: Springer-Verlag",
  year		= 1989,
  isbn		= "038719374X",
  note		= "Translation of: Topologie g\'en\'erale."
}


@Article{brauer1942,
  author	= "Brauer, A.",
  title		= "On a Problem of Partitions",
  journal	= "Amer. J. Math.",
  volume	= 64,
  year		= 1942,
  pages		= "299--312"
}


@Article{brown1964,
  author	= tom,
  title		= "On the finiteness of semigroups in which $x^r = r$",
  journal	= "Proc. Cambridge Philos. Soc.",
  volume	= 60,
  year		= 1964,
  pages		= "1028--1029"
}


@Article{brown1967,
  author	= tom,
  title		= "A semigroup union of disjoint locally finite subsemigroups which is not locally finite",
  journal	= "Pacific J. Math.",
  volume	= 22,
  year		= 1967,
  pages		= "11--14"
}


@Article{brown1968,
  author	= tom,
  title		= "On locally finite semigroups (in Russian)",
  journal	= "Ukraine Math. J.",
  volume	= 20,
  year		= 1968,
  pages		= "732--738"
}


@Article{brown1969,
  author	= tom,
  title		= "On {van der Waerden's} theorem on arithmetic progressions",
  journal	= "Notices Amer. Math. Soc.",
  volume	= 16,
  year		= 1969,
  pages		= 245
}


@Article{brown1971-1,
  author	= tom,
  title		= "An interesting combinatorial method in the theory of locally finite semigroups",
  journal	= "Pacific J. Math.",
  volume	= 36,
  year		= 1971,
  pages		= "285--289"
}


@Article{brown1971-2,
  author	= tom,
  title		= "Is there a sequence on four symbols in which no two adjacent segments are permutations of one other?",
  journal	= "American Math. Monthly",
  volume	= 78,
  pages		= "886--888",
  year		= 1971
}


@Article{brown1971-3,
  author	= tom,
  title		= "On {$N$}-sequences",
  journal	= "Math. Magazine",
  volume	= 44,
  year		= 1971,
  pages		= "89--92"
}


@Article{brown1975-1,
  author	= tom,
  title		= "Variations on {van der Waerden's} and {Ramsey's} Theorems",
  journal	= "Amer. Math. Monthly",
  volume	= 82,
  year		= 1975,
  pages		= "993--995"
}


@Article{brown1975-2,
  author	= tom,
  title		= "A proof of {Sperner's} lemma via {Hall's} theorem",
  journal	= "Proc. Camb. Philos. Soc.",
  volume	= 78,
  year		= 1975,
  pages		= 387
}


@Article{brown1975-3,
  author	= tom,
  title		= "{Behrend's} theorem for sequences containing no $k$-element arithmetic progression of a certain type",
  journal	= jctsa,
  volume	= 18,
  year		= 1975,
  pages		= "352--356"
}


@Article{brown1976,
  author	= tom,
  title		= "Common transversals",
  journal	= jctsa,
  volume	= 21,
  year		= 1976,
  pages		= "80--85"
}


@Article{brown1978,
  author	= tom,
  title		= "On homogeneous cubes",
  journal	= "Bogazici University J.",
  volume	= 6,
  year		= 1978,
  pages		= "13--16"
}


@Article{brown1981,
  author	= tom,
  title		= "On van der {Waerden}'s theorem and a theorem of {Paris} and {Harrington}",
  journal	= jctsa,
  volume	= 30,
  year		= 1981,
  pages		= "108--111"
}


@Article{brown1983-1,
  author	= tom,
  title		= "Common transversals for three partitions",
  journal	= "Bogazici University J.",
  volume	= 10,
  year		= 1983,
  pages		= "47--49"
}


@Article{brown1983-2,
  author	= tom,
  title		= "An application of density {Ramsey} theory to transversal theory",
  journal	= "Bogazici University J.",
  volume	= 10,
  year		= 1983,
  pages		= "41--46"
}


@Article{brown1984-1,
  author	= tom,
  title		= "Common transversals for partitions of a finite set",
  journal	= "Discrete Math.",
  volume	= 51,
  year		= 1984,
  pages		= "119--124"
}


@Article{brown1984-2,
  author	= tom,
  title		= "A graph-theoretic conjecture which implies {Szemer\'edi's} theorem",
  journal	= "Bull. Istanbul Tech. Univ.",
  volume	= 37,
  year		= 1984,
  pages		= "59--63"
}


@Article{brown1984-3,
  author	= tom,
  title		= "Some quantitative aspects of {Szemer\'edi's} theorem modulo $n$",
  journal	= "congressus Numerantium",
  volume	= 43,
  year		= 1984,
  pages		= "169--174"
}


@Article{brown1985-1,
  author	= tom,
  title		= "Affine and combinatorial binary $m$-spaces",
  journal	= jctsa,
  volume	= 38,
  year		= 1985,
  pages		= "25--34"
}


@Article{brown1985-2,
  author	= tom,
  title		= "Monochromatic affine lines in finite vector spaces",
  journal	= jctsa,
  volume	= 38,
  year		= 1985,
  pages		= "35--41"
}


@Article{brown1990,
  author	= tom,
  title		= "Cancellation in semigroups in which $x^2 = x^3$",
  journal	= "Semigroup Forum",
  volume	= 41,
  year		= 1990,
  pages		= "49--53"
}


@Article{brown1991,
  author	= tom,
  title		= "A characterization of the quadratic irrationals",
  journal	= "Canad. Math. Bull.",
  volume	= 34,
  year		= 1991,
  pages		= "36--41"
}


@Article{brown1993,
  author	= tom,
  title		= "Descriptions of the characteristic sequence of an irrational",
  journal	= "Canad. Math. Bull.",
  volume	= 36,
  year		= 1993,
  pages		= "15--21"
}


@Article{brown1994,
  author	= tom,
  title		= "Powers of digital sums",
  journal	= "Fib. Quart.",
  volume	= 32,
  year		= 1994,
  pages		= "207--210"
}


@Article{brown1999-1,
  author	= tom,
  title		= "A pseudo upper bound for the van der {Waerden} function",
  journal	= jctsa,
  volume	= 87,
  year		= 1999,
  pages		= "233--238"
}


@inCollection{brown1999-2,
  author	= tom,
  title		= "Monochromatic arithmetic forests",
  booktitle	= "Paul Erd\H{o}s and His Mathematics",
  editor	= "Sali, A. and Simonovits, M. and S\'os, V.T.",
  publisher	= "J\'anos Bolyai Mathematical Society",
  address	= "Budapest, Hungary",
  year		= 1999,
  pages		= "42--44"
}


@Article{brown2000,
  author	= tom,
  title		= "Monochromatic Forests of Finite Subsets of $\mathbb{N}$",
  journal	= integers,
  volume	= 0,
  year		= 2000,
  pages		= "A4"
}


@Article{brown2001,
  author	= tom,
  title		= "Monochromatic structures in colorings of the positive integers and the finite subsets of the positive integers",
  journal	= "15th MCCCC (Las Vegas, NV, 2001). J. Combin. Math. Combin. Comput.",
  volume	= 46,
  year		= 2003,
  pages		= "141--153"
}


@Article{brown2002,
  author	= tom,
  title		= "Applications of standard {Sturmian} words to elementary number theory.",
  journal	= "WORDS (Rouen, 1999). Theoret. Comput. Sci.",
  volume	= 273,
  number	= "1--2",
  year		= 2002,
  pages		= "5--9"
}



@Article{brown2003,
  author	= tom,
  title		= "On the Canonical Version of a Theorem in {Ramsey} Theory",
  journal	= "Special Issue on Ramsey Theory, Combinatorics, Probability and Computing",
  volume	= 12,
  year		= 2003,
  pages		= "513--514"
}


@Article{brown2005,
  author	= tom,
  title		= "A Partition of the Non-Negative Integers, with Applications",
  journal	= integers,
  volume	= 5,
  number	= 2,
  year		= 2005,
  pages		= "A2",
  note		= "(Proceedings of the Integers Conference 2003 in Honor of Tom Brown's Birthday)"
}


@inProceedings{brown2006,
  author	= tom,
  title		= "A Partition of the Non-negative Integers, with Applications to {Ramsey} Theory",
  booktitle	= "Discrete Mathematics and its Applications",
  pages		= "79--87",
  address	= "Proceedings of the International Conference on Discrete Mathematics and its Applications, Amrita Vishwa Vidyapeetham, Ettimadai Coimbatore, India",
  publisher	= "Narosa Publishing House",
  year		= 2006
}


@Article{brown2012,
  author	= tom,
  title		= "Approximations of Additive Squares in Infinite Words",
  journal	= integers,
  volume	= 12,
  year		= 2012,
  pages		= "A22"
}


@Article{brown+buhler1982,
  author	= "Brown, T.C. and Buhler, J.P.",
  title		= "A density version of a geometric {Ramsey} Theorem",
  journal	= jctsa,
  volume	= 25,
  year		= 1982,
  pages		= "20--34"
}


@Article{brown+buhler1983,
  author	= "Brown, T.C. and Buhler, J.P.",
  title		= "{Behrend}'s theorem for dense subsets of finite vector spaces",
  volume	= 35,
  pages 	= "724--734",
  year 		= 1983,
  journal	= "Canad. J. Math."
}


@Article{brown+buhler1984,
  author	= "Brown, T.C. and Buhler, J.P.",
  title		= "Lines imply spaces in density {Ramsey} theory",
  journal	= jctsa,
  volume	= 36,
  year		= 1984,
  pages		= "214--220"
}


@Article{brown+chou+shiue2003,
  author	= "Brown, Tom C. and Chou, Wun-Seng and Shiue, Peter J.-S.",
  title		= "On the partition function of a finite set",
  journal	= "Australas. J. Combin.",
  volume	= 27,
  year		= 2003,
  pages		= "193--204"
}


@Article{brown+chung+erdos+graham1985,
  author	= "Brown, T.C. and Chung, F.R.K. and Erd\H{o}s, P. and Graham, R.L.",
  title		= "Quantitative forms of a theorem of {Hilbert}",
  journal	= jctsa,
  volume	= 38,
  year		= 1985,
  pages		= "210--216"
}


@Article{brown+freedman1987,
  author	= "Brown, T.C. and Freedman, A.R.",
  title		= "Arithmetic progressions in lacunary sets",
  journal	= "Rocky Mountain J. Math.",
  volume	= 17,
  number	= 3,
  year		= 1987,
  pages		= "587--596"
}


@Article{brown+freedman1989-1,
  author	= tom # " and " # "Freedman, Allen R.",
  title		= "Small sets which meet all the $k(n)$-term arithmetic progressions in the interval $[1,n]$",
  journal	= jctsa,
  volume	= 51,
  year		= 1989,
  pages		= "244--249"
}


@Article{brown+freedman1989-2,
  author	= "Brown, T.C. and Freedman, A.R.",
  title		= "Small sets which meet every $f(n)$-term arithmetic progressions in the interval $[1, n]$",
  journal	= jctsa,
  volume	= 51,
  year		= 1989,
  pages		= "244--249"
}


@Article{brown+freedman1990,
  author	= "Brown, T.C. and Freedman, A.R.",
  title		= "The uniform density of sets of integers and {Fermat's Last Theorem}",
  journal	= "C.R. Math. Rep. Acad. Sci. Canad.",
  volume	= 12,
  year		= 1990,
  pages		= "1--6"
}


@Article{brown+freedman1991,
  author	= "Brown, T.C. and Freedman, A.R.",
  title		= "Some sequences associated with the golden ratio",
  journal	= "Fib. Quart.",
  volume	= 29,
  year		= 1991,
  pages		= "157--159"
}


@Article{brown+freedman+shiue2003,
  author	= "Brown, T.C. and Freedman, A.R. and Shiue, P. J.-S.",
  title		= "Progressions of squares",
  journal	= "Australas. J. Combin.",
  volume	= 27,
  year		= 2004,
  pages		= "187--192"
}



@Article{brown+graham+landman1999,
  author	= "Brown, T.C. and Graham, R.L. and Landman, B.M.",
  title		= "On the Set of Common Differences in {van der Waerden's} Theorem on Arithmetic Progressions",
  journal	= "Canad. Math. Bull.",
  volume	= 42,
  year		= 1999,
  pages		= "25--36"
}

@Article{brown+hare1997,
  author	= "Brown, T.C. and Hare, D.R.",
  title		= "Arithmetic progressions in sequences with bounded gaps",
  journal	= jctsa,
  volume	= 77,
  year		= 1997,
  pages		= "222--227"
}

@Article{brown+jungic+poelstra2014,
  author	= "Brown, Tom and Jungi\'c, Veselin and Poelstra, Andrew",
  title		= "On Double 3-Term Arithmetic Progressions",
  journal	= integers,
  volume	= 14,
  pages		= "\#A43",
  year		= 2014
}

@Article{brown+erdos+freedman1990,
  author	= "Brown, T.C. and Erd\H{o}s, P. and Freedman, A.R.",
  title		= "Quasi-progressions and Descending Waves",
  journal	= jctsa,
  volume	= 53,
  year		= 1990,
  pages		= "81--95"
}


@Article{brown+landman1996,
  author	= tom # " and Landman, Bruce M.",
  title		= "The {Ramsey} property for collections of sequences not containing all arithmetic progressions",
  journal	= "Graphs and Combinatorics",
  volume	= 12,
  year		= 1996,
  pages		= "149--161"
}


@Article{brown+landman1999,
  author	= tom # " and Landman, Bruce M.",
  title		= "Monochromatic arithmetic progressions with large differences",
  journal	= "Bull. Austral. Math. Soc.",
  volume	= 60,
  year		= 1999,
  number	= 1,
  pages		= "21--35"
}


@Article{brown+landman+mishna1997,
  author	= tom # " and Landman, Bruce M. and Mishna, Marni",
  title		= "Monochromatic homothetic copies of $\lbrace s, 1+s, 1+s+t\rbrace$",
  journal	= "Canad. Math. Bull.",
  volume	= 40,
  year		= 1997,
  pages		= "149--157"
}


@Article{brown+landman+robertson2008,
  author	= tom # " and Landman, Bruce M. and Robertson, Aaron",
  title		= "Bounds on some {van der Waerden} numbers",
  journal	= jctsa
}


@Article{brown+lazerson2009,
  author	= tom # " and Lazerson, Earl",
  title		= "On finitely generated idempotent semigroups",
  journal	= "Semigroup Forum",
  volume	= 78,
  year		= 2009,
  pages		= "183--183"
}


@Article{brown+leetsch+shiue2000,
  author	= tom # " and Leetsch, C. Hsu and Wang, Jun and Shiue, Peter J.-S.",
  title		= "On a certain kind of generalized number-theoretical {Moebius} function",
  journal	= "Math. Scientist",
  volume	= 25,
  year		= 2000,
  pages		= "72--77"
}



@Article{brown+manuch2009,
  author	= tom # " and Manuch, Jan",
  title		= "A simple proof of {Lerch's} formula",
  journal	= "Proceedings of the Eleventh International Conference on Fibonacci Numbers and their Applications. Numer.",
  volume	= 194,
  year		= 2009,
  pages		= "91--93"
}


@Article{brown+rodl1991,
  author	= tom # " and R{\"o}dl, V.",
  title		= "Monochromatic solutions to equations with unit fractions",
  journal	= "Bull. Aus. Math. Soc.",
  volume	= 43,
  year		= 1991,
  pages		= "387--392"
}


@Article{brown+shiue1993,
  author	= tom # " and " # shiue,
  title		= "A remark related to the {Frobenius} problem",
  journal	= "Fib. Quart.",
  volume	= 31,
  year		= 1993,
  pages		= "32--36"
}


@Article{brown+shiue1995-1,
  author	= tom # " and " # shiue,
  title		= "Squares of second-order sequences",
  journal	= "Fib. Quart.",
  volume	= 33,
  year		= 1995,
  pages		= "352--356"
}


@Article{brown+shiue1995-2,
  author	= tom # " and " # shiue,
  title		= "Irrational sums",
  journal	= "Rocky Mountain J. Math.",
  volume	= 25, 
  year		= 1995,
  pages		= "1219--1223",
}


@Article{brown+shiue1995-3,
  author	= tom # " and " # shiue,
  title		= "Sums of fractional parts of integer multiples of an irrational",
  journal	= "J. Number Theory",
  volume	= 50,
  year		= 1995,
  pages		= "181--192"
}


@Article{brown+shiue+yu1998,
  author	= "Brown, T.C. and Shiue, P. J.-S. and Yu, X.Y.",
  title		= "Sequences with translates containing many primes",
  journal	= "Canad. Math. Bull.",
  volume	= 41,
  year		= 1998,
  pages		= "15--19"
}


@Article{brown+shiue2001,
  author	= tom # " and " # shiue,
  title		= "On the history of {van der Waerden's} theorem on arithmetic progressions",
  journal	= "Tamkang J. Math.",
  volume	= 32,
  number	= 4,
  year		= 2001,
  pages		= "335--341"
}


@Article{bryant+tupper2012,
  author	= "Bryant, David and Tupper, Paul F.",
  title		= "Hyperconvexity and tight-span theory for diversities",
  journal	= "Adv. Math.",
  volume	= 231,
  number	= 6,
  year		= 2012,
  pages		= "3172--3198"
}


@Article{brzozowski+culik+gabrielian1971,
  author	= "Brzozowski, J.A. and Culik II, K. and Gabrielian, A",
  title		= "Classification of noncounting events",
  journal	= "J. Comput. Syst. Sci.",
  volume	= 5,
  year		= 1971,
  pages		= "243--271"
}

@misc{caldwell2012,
  author	= "Caldwell, M.",
  title		= {Sustainable nanopayment idea: Probabilistic Payments},
  year		= 2012,
  note		= {{BitcoinTalk} post, \url{https://bitcointalk.org/index.php?topic=62558.0}}
}

@inProceedings{canetti+halevi+katz2003,
  author	= "Canetti, R. and Halevi, S. and Katz, J.",
  title		= "A forward-secure public-key encryption scheme",
  booktitle	= "Advances in Cryptology --- EUROCRYPT 2003",
  publisher	= "Springer-Verlag",
  year		= 2003
}

@inProceedings{canetti+halevi+katz2004,
  author	= "Canetti, R. and Halevi, S. and Katz, J.",
  title		= "Chosen-ciphertext security from identity-based encryption",
  booktitle	= "Advances in Cryptology --- EUROCRYPT 2004",
  publisher	= "Springer-Verlag",
  pages		= "207--222",
  year		= 2004
}

@Article{carpi+deluca2000,
  author	= "Carpi, A. and de Luca, A.",
  title		= "Special factors, periodicity, and an application to {Sturmian} words",
  journal	= "Acta Inform.",
  volume	= 36,
  year		= 2000,
  pages		= "983--1006",
  note		= "no. 12"
}


@Article{carstens+deuber+thumser+koppenrade1995,
  author	= "Carstens, H. and Deuber, W. and Thumser, W. and Koppenrade, E.",
  title		= "Geometrical bijections in discrete lattices",
  journal	= "Recent trends in Combinatorics",
  year		= "M\'atrah\'aza, 1995"
}

@Article{carstens+deuber+thumser+koppenrade1999,
  author	= "Carstens, H. and Deuber, W. and Thumser, W. and Koppenrade, E.",
  title		= "Geometrical bijections in discrete lattices",
  journal	= "Combin. Probab. Comput.",
  volume	= 8,
  year		= 1999,
  pages		= "109--129"
}


@Unpublished{cassaigne+currie+schaeffer+shallit,
  author	= "Cassaigne, Julien and Currie, James D. and Schaeffer, Luke and Shallit, Jeffrey",
  title		= "Avoiding three consecutive blocks of the same size and same sum",
  note		= "arXiv:1106.5204"
}


@Article{cassaigne+richomme+saari+zamboni2011,
  author	= "Cassaigne, Julien and Richomme, Gw\'ena{\"e}l and Saari, Kalle and Zamboni, Luca Q.",
  title		= "Avoiding abelian powers in binary words with bounded abelian complexity",
  journal	= "Int. J. Found. Comput. Sci.",
  volume	= 22,
  number	= 4,
  pages		= "905--920",
  year		= 2011
}


@Article{champernowne1933,
  author	= "Champernowne, David G.",
  title		= "The Construction of Decimals Normal in the Scale of Ten",
  journal	= jlms,
  year		= 1933,
  number	= 4,
  volume	= 8,
  pages		= "254--260"
}

@Article{chaum1983,
  author	= "Chaum, D.",
  title		= "Blind signatures for untraceable payments",
  journal	= "Advances in Cryptology Proceedings of Crypto",
  volume	= 82,
  number	= 3,
  pages		= "199--203",
  year		= 1983
}


@Article{chen1956,
  author	= "Chen, Z.-M.",
  title		= "A theorem on linear form with integral coefficient",
  journal	= "Sichuan Daxue Xuebao",
  year		= 1956,
  number	= 1,
  pages		= "1--3",
  note		= "In Chinese."
}


@Article{chen1984,
  author	= "Chen, Z.-M.",
  title		= "An algorithm to find $M_3$",
  journal	= "J. Southwest Teachers College",
  volume	= 3,
  year		= 1984,
  pages		= "2--8",
  note		= "In Chinese."
}


@Article{chern+simons1974,
  author	= "Chern, S.-S. and Simons, J.",
  title		= "Characteristic forms and geometric invariants",
  journal	= "The Annals of Mathematics, Second Series",
  volume	= 99,
  year		= 1974,
  pages		= "48--69"
}


@Article{christoffel1875,
  author	= "Christoffel, E.B.",
  title		= "Observatio Arithmetica",
  journal	= "Ann. Mat.",
  volume	= 6,
  year		= 1875,
  pages		= "145--152"
}


@inProceedings{chung+erdos+graham2002,
  author	= "Chung, F.R.K. and Erd\H{o}s, P. and Graham, R.L.",
  title		= "On sparse sets hitting linear forms",
  booktitle	= "Number Theory for the Millennium, I, Proc. 2000 Urbana Conf",
  editor	= "Bennett, M.A. and Berndt, B.C. and Boston, N. and Diamond, H.G. and Hildebrand, A.J. and Philipp, W.",
  publisher	= "A. K. Peters",
  address	= "Natick, MA",
  year		= 2002,
  pages		= "257--272"
}


@Article{chung+grinstead1983,
  author	= "Chung, F.R.K. and Grinstead, C.M.",
  title		= "A survey of bounds for classical {Ramsey} numbers",
  journal	= "J. Graph Theor.",
  volume	= 7,
  year		= 1983,
  pages		= "25--37"
}


@Article{clifford1954,
  author	= "Clifford, A.H.",
  title		= "Bands of semigroups",
  journal	= proc_ams,
  volume	= 5,
  year		= 1954,
  pages		= "499--504"
}


@Book{clifford+preston1961,
  author	= "Clifford, A.H. and Preston, G.B.",
  title		= "The Algebraic Theory of Semigroups",
  publisher	= "Amer. Math. Soc.",
  address	= "Providence, RI",
  year		= 1961
}


@Book{cohen1989,
  author	= "Cohen, David W.",
  title		= "An Introduction to {Hilbert} Space and Quantum Logic",
  publisher	= "Springer-Verlang",
  series	= "Problem books in mathematics",
  year		= 1989,
  isbn		= "3-540-96879-9"
}


@inCollection{cohn1974,
  author	= "Cohn, Henry",
  title		= "Some direct limits of primitive homotopy words and of {Markoff} geodesics",
  booktitle	= "Discontinuous Groups and Riemann Surfaces",
  series	= "Ann. of Math. Studies",
  volume	= 49,
  publisher	= "Princeton University Press",
  address	= "Princeton",
  year		= 1974,
  pages		= "81--98"
}


@Other{cohn,
  author	= "Cohn, Henry", 
  title		= "Why symplectic geometry is the natural setting for classical mechanics",
  note		= "http://research.microsoft.com/en-us/um/people/cohn/thoughts/symplectic.html"
}


@Book{comtet1974,
  author	= "Comtet, L.",
  title		= "The Art of Finite and Infinite Expansions, Revised and enlarged edition",
  publisher	= "D. Reidel",
  address	= "Dordrecht",
  year		= 1974
}


@Article{compton1999,
  author	= "Compton, Kevin",
  title		= "A van der Waerden variant",
  journal	= "Electron. J. Combin.",
  volume	= 6,
  year		= 1999,
  number	= 1,
  pages		= "10",
  note		= "Research Paper 22 (electronic)"
}


@Article{connell1959-1,
  author	= "Connell, I.G.",
  title		= "A generalization of {Wythoff's} game",
  journal	= "Canad. Math. Bull.",
  volume	= 2,
  year		= 1959,
  pages		= "181--190"
}


@Article{connell1959-2,
  author	= "Connell, I.G.",
  journal	= "Canad. Math. Bull.",
  title		= "Some properties of {Beatty} sequences {I}",
  volume	= 2,
  year		= 1959,
  pages		= "190--197"
}


@Article{connell1960,
  author	= "Connell, I.G.",
  title		= "Some properties of {Beatty} sequences {II}",
  journal	= "Canad. Math. Bull.",
  volume	= 3,
  year		= 1960,
  pages		= "17--22"
}


@Article{cooper+kennedy1992,
  author	= "Cooper, C. and Kennedy, R.E.",
  title		= "Digit Sum Sums",
  journal	= "J. Inst. Math. Comp. Sci.",
  volume	= 5,
  year		= 1992,
  pages		= "45--49"
}


@Article{cooper+kennedy1993,
  author	= "Cooper, C. and Kennedy, R.E.",
  title		= "Sums of Powers of Digital Sums",
  journal	= "The Fibonacci Quarterly",
  volume	= "31.4",
  year		= 1993,
  pages		= "341--345"
}

@misc{counterparty2014,
  author	= "Counterparty",
  title		= {Why Proof of Burn},
  year		= 2014,
  note		= {\url{https://www.counterparty.co/why-proof-of-burn/}}
}

@Article{coxeter1953,
  author	= "Coxeter, H.S.M.",
  title		= "The golden section, {Phyllotzxis}, and {Wythoff's} game",
  journal	= "Scripta Math.",
  volume	= 19,
  year		= 1953,
  pages		= "135--143"
}


@Article{crane1995,
  author	= "Crane, Louis",
  title		= "Clock and category: Is quantum gravity algebraic?",
  journal	= "J. Math. Phys.",
  volume	= 36,
  year		= 1995,
  pages		= "6180--6193"
}


@Article{crane1991,
  author	= "Crane, Louis",
  title		= "{2-D} Physics and {3-D} Topology",
  journal	= "Commun. Math. Phys.",
  volume	= 135,
  year		= 1991,
  pages		= "615--640"
}


@Article{crane+frenkel1994,
  author	= "Crane, Louis and Frenkel, Igor B.",
  title		= "Four dimensional topological quantum field theory, {Hopf} categories, and the canonical bases",
  journal	= "J. Math. Phys.",
  volume	= 35,
  pages		= "5136",
  year		= 1994
}


@Article{crane+yetter1998,
  author	= "Crane, Louis and Yetter, David N.",
  title		= "Examples of categorification",
  journal	= "Cahiers de topologie et g\'emot\'etrie diff\'erentielle cat\'egoriques",
  volume	= 39,
  pages		= "3--25",
  year		= 1998
}


@Article{crisp+moran+pollington+shiue1993,
  author	= "Crisp, D. and Moran, W. and Pollington, A. and Shiue, P.",
  title		= "Substitution invariant cutting sequences",
  journal	= "J. Thor. Nombres Bordeaux",
  volume	= 5,
  number	= 1,
  pages		= "123--137",
  year		= 1994
}

@misc{damgard+park2012,
  author	= {Ivan Damg{\aa}rd and Sunoo Park},
  title		= "How Practical is Public-Key Encryption Based on {LPN} and {Ring-LPN}?",
  howpublished	= {Cryptology ePrint Archive, Report 2012/699},
  year		= 2012,
  note		= {\url{http://eprint.iacr.org/2012/699}}
}

@Article{danilov1972,
  author	= "Danilov, L.V.",
  title		= "Some classes of transcendental numbers",
  journal	= "Math. Notes Acad. Sci. USSR",
  volume	= 12,
  year		= 1972,
  pages		= "524--527"
}


@Book{das+debenedictis2012,
  author	= "Das, Anadijiban and DeBenedictis, Andrew",
  title		= "The general theory of relativity: a mathematical exposition",
  publisher	= "Springer",
  year		= 2012,
  isbn		= "978-1-46143-657-7"
}


@Article{davis+entringer+graham+simmons1977,
  author	= "Davis, J.A. and Entringer, R.C. and Graham, R.L. and Simmons, G.J.",
  title		= "On permutations containing no long arithmetic progressions",
  journal	= "Acta Arith.",
  volume	= 34,
  year		= "1977/1978",
  pages		= "81--90"
}


@Article{davison1994,
  author	= "Davison, J.L.",
  title		= "On the linear Diophantine problem of Frobenius",
  journal	= "J. Number Theory",
  volume	= 48,
  year		= 1994,
  pages		= "353--363"
}


@inProceedings{chvatal1970,
  author	= "Chv\'atal, Va\u{s}ek",
  title		= "Some unknown van der Waerden numbers",
  booktitle	= "Combinatorial Structures and Their Applications",
  editor	= "Guy, R. et al",
  publisher	= "Gordon and Breach",
  address	= "New York",
  pages		= "31--33",
  year		= 1970,
  note		= "Proc. Calgary Internat. Conf., Calgary, Alta., 1969"
}


@Article{dean1965,
  author	= "Dean, R.",
  title		= "A sequence without repeats on $x,x^{-1},y,y^{-1}$",
  journal	= "Am. Math. Mon.",
  volume	= 72,
  year		= 1965,
  pages		= "383--385"
}


@Article{dejean1972,
  author	= "Dejean, F.",
  title		= "Sur un th\'eor\`eme de {Thue}", 
  journal	= "J. Comb. Theor.",
  volume	= "A13",
  year		= 1972,
  pages		= "90--99"
}


@Article{dekking1979,
  author	= "Dekking, F.M.",
  title		= "Strongly non-repetitive sequences and progression-free sets",
  journal	= jctsa,
  volume	= 27,
  pages		= "181--185",
  year		= 1979
}


@Article{deluca1995,
  author	= "de Luca, A.",
  title		= "A division property of the Fibonacci word",
  journal	= "Inform. Process. Lett.",
  volume	= 54,
  year		= 1995,
  pages		= "307--312"
}

@Article{deluca1997,
  author	= "de Luca, A.",
  title		= "{Sturmian} words: structure, combinatorics, and their arithmetics",
  journal	= "Theoret. Comput. Sci.",
  volume	= 183,
  year		= 1997,
  pages		= "45--82"
}


@Book{deluca+varricchio1998,
  author	= "de Luca, A. and {Stefano Varricchio}, S.",
  title		= "Finiteness and Regularity in Semigroups and Formal Languages",
  publisher	= "Springer-Verlag",
  address	= "Berlin Heidelberg New York",
  year		= 1998
}


@Article{deser+jackiw+templeton1984,
  author	= "Deser, S. and Jackiw, R. and Templeton, S.",
  title		= "Topologically massive gauge theory",
  journal	= "Ann. Phys. NY",
  volume	= 281,
  number	= 1,
  year		= 2000,
  pages		= "409"
}


@Article{deuber1982,
  author	= "Deuber, Walter",
  title		= "On van der {Waerden's} theorem on arithmetic progressions",
  journal	= jctsa,
  volume	= 32,
  year		= 1982,
  pages		= "115--118"
}


@Article{deuber+graham+promel+voigt1983,
  author	= "Deuber, W. and Graham, R.L. and Pr{\"o}mel, H.J. and Voigt, B.",
  title		= "A canonical portition theorem for equivalence relations on $Z^t$",
  journal	= jctsa,
  volume	= 34,
  year		= 1983,
  pages		= "331--339"
}


@Article{deuber+voigt1983,
  author	= "Deuber, W. and Voigt, B.",
  title		= "Der Satz von van der Waerden {\"u}ber arithmetische Progressionen",
  journal	= "Jber. d. Dt. Math.-Verein.",
  volume	= 85,
  year		= 1983,
  pages		= "66--85"
}


@Article{deza+erdos+frankl1978,
  author	= "Deza, M. and Erd\H{o}s, Paul and Frankl, P.",
  title		= "Intersection properties of systems of finite sets",
  journal	= "Proc. London Math. Soc.",
  volume	= 36,
  year		= 1978,
  number	= 3,
  pages		= "368--384"
}


@Article{diffie+hellman1976,
  author	= "Diffie, W. and Hellman, M.",
  title		= "New Directions in Cryptography",
  journal	= "IEEE Transactions on Information Theory",
  volume	= 22,
  number	= 6,
  year		= 1976,
  pages		= "644--654",
  note		= "\url{http://www.cs.jhu.edu/~rubin/courses/sp03/papers/diffie.hellman.pdf}"
}


@Article{ding+freedman1996,
  author	= "Ding, P. and Freedman, A.R.",
  title		= "Semi-progressions",
  journal	= jctsa,
  volume	= 76,
  number	= 1,
  year		= 1996,
  pages		= "99--107"
}


@Article{dransfield+liu+marek+truszczynski2004,
  author	= "Dransfield, M.R. and Liu, L. and Marek, V.W. and Truszczynski, M.",
  title		= "Satisfiability and computing van der Waerden numbers",
  journal	= "Electron. J. Combin.",
  volume	= 11,
  year		= 2004,
  pages		= "R41"
}


@Article{dress1984,
  author	= "Dress, A.W.M.",
  title		= "Trees, tight extensions of metric spaces, and the cohomological dimension of certain groups: a note on combinatorial properties of metric spaces",
  journal	= "Adv. Math.",
  volume	= 53,
  number	= 3,
  year		= 1984,
  pages		= "321--402"
}


@Article{dress+moulton+terhalle1996,
  author	= "Dress, A.W.M. and Moulton, V. and Terhalle, W.",
  title		= "{T-Theory}: an overview",
  journal	= "European J. Combin.",
  volume	= 17,
  number	= "2--3",
  year		= 1996,
  pages		= "161--175"
}


@Article{du1991,
  author	= "Du, Ding-Zhu",
  title		= "On {Steiner} ratio conjectures",
  journal	= "Ann. Opp. Research",
  volume	= 33,
  number	= 6,
  year		= 1991,
  pages		= "437--449"
}


@Article{ehrhart1967-1,
  author	= "Ehrhart, E.",
  title		= "Sur un probl\`eme de g\'eom\'etrie diophantienne lin\'eaire. I. Poly\`edreset r\'eseaux",
  journal	= "J. Reine Angew. Math.",
  volume	= 226,
  year		= 1967,
  pages		= "25--49",
  note		= "In French."
}


@Article{ehrhart1967-2,
  author	= "Ehrhart, E.",
  title		= "Sur un probl$\grave{e}$me de g$\acute{e}$om$\acute{e}$trie diophantienne lin$\acute{e}$aire. II. Syst$\grave{e}$mes diophantiens lin$\acute{e}$aires",
  journal	= "J. Reine Angew. Math.",
  volume	= 227,
  year		= 1967,
  pages		= "25--49",
  note		= "In French."
}


@Article{entringer+jackson1975,
  author	= "Entringer, R.C. and Jackson, D.E.",
  title		= "Problem E 2440",
  journal	= "Amer. Math. Monthly",
  volume	= 82,
  year		= 1975,
  pages		= 74
}


@Article{entringer+jackson+schatz1974,
  author	= "Entringer, R.C. and Jackson, D.E. and Schatz, J.A.",
  title		= "On non-repetitive sequences",
  journal	= jctsa,
  volume	= 16,
  pages		= "159--164",
  year		= 1974
}


@Article{einstein1916,
  author	= "Einstein, Albert",
  title		= "Die Grundlage der allgemeinen Relativit{\"a}tstheorie",
  journal	= "Annalen der Physik",
  volume	= 49,
  year		= 1916,
  pages		= "669-822"
}


@Misc{erdosPC,
  author	= "Erd\H{o}, Paul",
  title		= "Personal communication"
}


@Article{erdos1942,
  author	= "Erd\H{o}s, Paul",
  title		= "On an elementary proof of some asymptotic formulas in the theory of partition",
  journal	= "Ann. of Math.",
  volume	= 43,
  number	= 2,
  year		= 1942,
  pages		= "437--450"
}


@Book{erdos1973,
  author	= "Erd\H{o}s, Paul",
  title		= "The Art of Counting",
  publisher	= "MIT Press",
  address	= "Cambridge, MA",
  year		= 1973
}


@Article{erdos1975,
  author	= "Erd\H{o}, Paul",
  title		= "Problems and results in combinatorial number theory",
  journal	= "Asterisque",
  volume	= "24--25",
  year		= 1975,
  pages		= "295--310"
}


@Book{erdos+graham1980,
  author	= "Erd\H{o}s, P. and Graham, R.L.",
  title		= "Old and New Problems and Results in Combinatorial Number Theory",
  series	= "Monographies de L'Enseignement Math\'ematique [Monographs of L'Enseignement Math\'ematique]",
  volume	= 28,
  publisher	= "Universit\'e de Gen\`eve, L'Enseignement Math\'ematique",
  address	= "Geneva",
  year		= 1980
}


@Article{erdos+rado1952,
  author	= "Erd\H{o}s, P. and Rado, R.",
  title		= "Combinatorial theorems on classifications of subsets of a given set",
  journal	= "Proc. London Math. Soc.",
  volume	= 3,
  year		= 1952,
  pages		= "417--439"
}


@Article{erdos+strauss1976,
  author	= "Erd\H{o}, P. and Strauss, E.G.",
  title		= "How abelian is a finite group?",
  journal	= "Linear and Multilinear Algebra",
  volume	= 3,
  year		= 1976,
  pages		= "307--312"
}


@Article{erdos+szekeres1935,
  author	= "Erd\H{o}s, P. and Szekeres, G.",
  title		= "A combinatorial problem in geometry",
  journal	= "Compostio Math.",
  volume	= 2,
  year		= 1935,
  pages		= "463--470"
}


@Article{erdos+turan1936,
  author	= "Erd\H{o}s, P. and Tur\'an, P.",
  title		= "On some sequences of integers",
  journal	= jlms,
  volume	= 11,
  year		= 1936,
  pages		= "261--264"
}


@Article{euler1762,
  author	= "Euler, L.",
  title		= "Specimen algorithmi singularis",
  journal	= "Novi Commentarii Academiae Cientiarum Petropolitanae",
  volume	= 9,
  pages		= "53--69",
  year		= 1762,
  note		= "Reprinted in his Opera Omnia, Series 1, Vol. 15, pp. 31--49."
}


@Article{evdokimov1968,
  author	= "Evdokimov, A.A.",
  title		= "Strongly asymmetric sequence generated by a finite number of symbols",
  journal	= "Dokl. Akad. Nauk SSSR, Tom",
  volume	= 179,
  year		= 1968,
  pages		= "1268--1271",
  note		= "Also in: Soviet Math. Dokl., \textbf{9} (1968) 536--539."
}


@PhDThesis{everts1977,
  author	= "Everts, F.",
  title		= "Colorings of sets",
  school	= "University of Colorado",
  year		= 1977
}


@Article{faltings1983,
  author	= "Faltings, G.",
  title		= "Endlichkeitssatze fur abelsche Varietaten uber Zahlkorpern",
  journal	= "Invent. Math.",
  volume	= 73,
  year		= 1983,
  pages		= "349--366"
}


@Article{filaseta1984,
  author	= "Filaseta, M.",
  title		= "An application of {Faltings'} results to {Fermat's Last Theorem}",
  journal	= "C. R. Math. Rep. Acad. Sci. Canada",
  volume	= 6,
  year		= 1984,
  pages		= "31--32"
}

@Article{fischer+lynch+paterson1985,
  author	= "Fischer, M.A. and Lynch, N.A. and Paterson, M.S.",
  title		= "Impossibility of Distributed Consensus with One Faulty Process",
  journal	= "J. Ass. for Comp. Mach.",
  volume	= 32,
  number	= 2,
  year		= 1985,
  pages		= "374--382"
}

@Article{fon-der-flaass+frid2007,
  author	= "Fon-Der-Flaass, D.G. and Frid, A.E.",
  title		= "On periodicity and low complexity of infinite permutations",
  journal	= "European J. Combin.",
  volume	= 28,
  year		= 2007,
  pages		= "2106--2114"
}


@Article{forman1992,
  author	= "Forman, Robin",
  title		= "Sequence with many primes",
  journal	= "Amer. Math. Monthly",
  volume	= 99,
  year		= 1992,
  pages		= "548--557"
}


@Article{fowler1979,
  author	= "Fowler, D.H.",
  title		= "Ratio in early Greek mathematics",
  journal	= "Bull. AMS New Series",
  volume	= 1,
  year		= 1979,
  pages		= "807--846"
}


@Article{fowler1980,
  author	= "Fowler, D.H.",
  title		= "Book {II} of {Euclid's Elements} and a {pre-Eudoxan} theory of ratio",
  journal	= "Archive for Hist. of Exact Sci.",
  volume	= 2,
  year		= 1980,
  pages		= "5--56"
}


@Article{fowler1981,
  author	= "Fowler, D.H.",
  title		= "Anthyphairetic ratio and {Eudoxan} proportion",
  journal	= "Archive for Hist. of Exact Sci.",
  volume	= 24,
  year		= 1981,
  pages		= "69--72"
}


@Article{fraenkel1969,
  author	= "Fraenkel, A.S.",
  title		= "The Bracket function and Complementary Sets of Integers",
  journal	= "Canadian Journal of Mathematics",
  volume	= 21,
  year		= 1969,
  pages		= "6--27"
}


@Article{fraenkel1985,
  author	= "Fraenkel, A.S.",
  title		= "Systems of numeration",
  journal	= "Amer. Math. Monthly",
  volume	= 92,
  year		= 1985,
  pages		= "105--114"
}


@Article{fraenkel1989,
  author	= "Fraenkel, A.S.",
  title		= "The use and usefulness of numeration systems",
  journal	= "Information and Computation",
  volume	= 81,
  year		= 1973,
  pages		= "175--191"
}


@Article{fraenkel+borosh1973,
  author	= "Fraenkel, A.S. and Borosh, I.",
  title		= "A generalization of {Whythoff's} game",
  journal	= jctsa,
  volume	= 15,
  year		= 1973,
  pages		= "175--191"
}


@Article{fraenkel+levitt+shimshoni1972,
  author	= "Fraenkel, A.S. and Levitt, J. and Shimshoni, M.",
  title		= "Characterization of the set of values of $f(n) = [n\alpha]$, $n=1,2,\cdots$",
  journal	= "Discrete Math.",
  volume	= 2,
  year		= 1972,
  pages		= "335--345"
}


@Article{fraenkel+mushkin+tassa1978,
  author	= "Fraenkel, A.S. and Mushkin, A. and Tassa, U.",
  title		= "Determination of $[n\theta]$ by its sequence of differences",
  journal	= "Canad. Math. Bull.",
  volume	= 21,
  year		= 1978,
  pages		= "441--446"
}


@inCollection{frankl1995,
  author	= "Frankl, P.",
  title		= "Extremal set systems",
  editor	= "Graham, R.L. and Gr{\"o}tschel, L. and Lov\'asz, L.",
  booktitle	= "Handbook of Combinatorics",
  series	= "Elsevier Science B.V., Amsterdam",
  publisher	= "MIT Press",
  address	= "Cambridge, MA",
  year		= 1995,
  pages		= "1293â€“-1329"
}


@Article{frederickson1979,
  author	= "Frederickson, H.",
  title		= "{Schur} numbers and the {Ramsey} numbers $N(3,3,\dots,3; 2)$",
  journal	= jctsa,
  volume	= 27,
  year		= 1979,
  pages		= "376--377"
}


@Unpublished{freedman,
  author	= "Freedman, Allen R.",
  title		= "Sequences on sets of four numbers",
  note		= "To appear in {INTEGERS: Elect. J. Combin. Number Theory}",
  year		= "2013+"
}


@Article{freedman+sember1981,
  author	= "Freedman, A.R. and Sember, J.J.",
  title		= "On summing sequences of 0's and 1's",
  journal	= "Rocky Mountain J. Math.",
  volume	= 11,
  year		= 1981,
  pages		= "419--425"
}


@Article{frobenius1912,
  author	= "Frobenius, G.",
  title		= "{\"U}ber Matrizen aus nicht negative Elementen",
  journal	= "S.B. Preuss. Akad. Wiss. Berlin",
  year		= 1912,
  pages		= "456--477"
}

@misc{friedenbach2014,
  author	= "Friedenbach, M.",
  title		= {{[Bitcoin-development]} Compact {SPV} proofs via block header commitments},
  year		= 2014,
  note		= {Mailing list post, \url{http://sourceforge.net/p/bitcoin/mailman/message/32111357/}}
}

@misc{friedenbach+timon2013,
  author	= "Friedenbach, M. and Tim\'on, J.",
  title	= "{Freimarkets}: extending bitcoin protocol with user-specified bearer instruments, peer-to-peer exchange, off-chain accounting, auctions, derivatives and transitive transactions",
  year	= 2013,
  note	= "\url{http://freico.in/docs/freimarkets-v0.0.1.pdf}"
}

@Book{fulton+harris1991,
  author	= "Fulton, William and Harris, Joe",
  title		= "Representation theory. A first course",
  series	= "Graduate Texts in Mathematics, Readings in Mathematics",
  volume	= 129,
  publisher	= "Springer-Verlag",
  address	= "New York",
  year		= 1991,
  isbn		= "978-0-387-97495-8"
}


@misc{fujisaki+suzuki2006,
  author	= "Fujisaki, E. and Suzuki, K.",
  title		= {Traceable Ring Signature},
  howpublished	= {Cryptology ePrint Archive, Report 2006/389},
  year		= {2006},
  note		= {\url{http://eprint.iacr.org/2006/389}}
}


@Article{furstenberg1977,
  author	= "Furstenberg, Harry",
  title		= "Ergodic behavior of diagonal measures and a theorem of Szemer\'edi on arithmetic progressions",
  journal	= "J. Analyze Math.",
  volume	= 34,
  year		= 1978,
  pages		= "61--85"
}


@inCollection{furstenberg1996,
  author	= "Furstenberg, Harry",
  title		= "A polynomial {Szemer\'edi} theorem",
  booktitle	= "Combinatorics, {Paul Erd\H{o}s} is Eighty",
  volume	= 2,
  pages		= "253--269",
  publisher	= "J\'anos Bolyai Math. Soc.",
  address	= "Budapest",
  year		= 1996
}


@Book{furstenberg1981-1,
  author	= "Furstenberg, H.",
  title		= "Recurrence in Ergodic Theory and Combinatorial Number Theory",
  publisher	= "Princeton University Press",
  address	= "Princeton",
  year		= 1981
}


@Article{furstenberg1981-2,
  author	= "Furstenberg, H.",
  title		= "Poincar\'e Recurrence and Number Theory",
  journal	= "Bull. American Math. Soc.",
  volume	= 5,
  year		= 1981,
  pages		= "211--234"
}


@Article{furstenberg+katznelson1978,
  author	= "Furstenberg, Harry and Katznelson, Y.",
  title		= "An ergodic {Szemer\'edi} theorem for commuting transformations",
  journal	= "J. Analyse Math.",
  volume	= 34,
  year		= 1978,
  pages		= "61--85"
}


@Article{furstenberg+katznelson+ornstein1982,
  author	= "Furstenberg, H. and Katznelson, Y. and Ornstein, D.",
  title		= "The ergodic theoretical proof of {Szemer\'{e}di's} theorem",
  journal	= "Bull. (New Series) Amer. Math. Soc.",
  volume	= 7,
  year		= 1982,
  pages		= "527--552"
}


@Article{furstenberg+weiss1978,
  author	= "Furstenberg, H. and Katznelson, Y.",
  title		= "Topological Dynamics and Combinatorial Number Theory",
  journal	= "J. Analyse Math.",
  volume	= 34,
  year		= 1978,
  pages		= "275--291"
}


@inProceedings{garg+gentry+halevi+raykova+sahai+waters2013,
  author	= "Garg, S. and Gentry, C. and Halevi, S. and Raykova, M. and Sahai, A. and Waters, B.",
  title		= "Candidate Indistinguishability Obfuscation and Functional Encryption for all circuits",
  booktitle	= "FOCS 2013",
  year		= 2013
}

@misc{garg+gentry+halevi2012,
  author	= "Garg, S. and Gentry, C. and Halevi, S.",
  title		= "Candidate multilinear maps from ideal lattices and applications",
  howpublished  = {Cryptology ePrint Archive, Report 2013/258},
  year		= 2012,
  note		= {\url{http://eprint.iacr.org/2012/610}}
}
  


@misc{garg+gentry+sahai+waters2013,
  author	= "Garg, S. and Gentry, C. and Sahai, A. and Waters, B.",
  title		= "Witness Encryption and its Applications",
  howpublished  = {Cryptology ePrint Archive, Report 2013/258},
  year		= 2013,
  note		= {\url{http://eprint.iacr.org/2013/258}}
}


@Article{garrison1990,
  author	= "Garrison, B.",
  title		= "Polynomials with large number of prime values",
  journal	= "Amer. Math. Monthly",
  volume	= 97,
  year		= 1990,
  pages		= "316--317"
}


@misc{gentry+lewko+sahai+waters2014,
  author = "Gentry, C. and Lewko, A. and Sahai, A. and Waters, B.",
  title = {Indistinguishability Obfuscation from the Multilinear Subgroup Elimination Assumption},
  howpublished = {Cryptology ePrint Archive, Report 2014/309},
  year = {2014},
  note = {\url{http://eprint.iacr.org/2014/309}}
}


@Article{gergely1974,
  author	= "Gergely, E.",
  title		= "A simple method for constructing doubly diagonalized latin squares",
  journal	= jctsa,
  volume	= 16,
  year		= 1974,
  pages		= "266--272"
}


@Article{gerhard1978,
  author	= "Gerhard, J.A.",
  title		= "The word problem for semigroups satisfying $x^3 = x$",
  journal	= "Math. Proc. Camp. Phil. Soc.",
  volume	= 84,
  year		= 1978,
  pages		= "11--19"
}

@article{gerhardt+hanke2012,
  author    = "Gerhardt, I. and Hanke, T.",
  title     = {Homomorphic Payment Addresses and the Pay-to-Contract Protocol},
  journal   = {CoRR},
  year      = {2012},
  volume    = {abs/1212.3257},
  url       = {http://arxiv.org/abs/1212.3257},
  timestamp = {Sat, 11 Oct 2014 02:53:52 +0200},
  biburl    = {http://dblp.uni-trier.de/rec/bib/journals/corr/abs-1212-3257},
  bibsource = {dblp computer science bibliography, http://dblp.org}
}

@Article{gerver1977,
  author	= "Gerver, Joseph L.",
  title		= "The sum of the reciprocals of a set of integers with no arithmetic progression of $k$ terms",
  journal	= proc_ams,
  volume	= 62,
  year		= 1977,
  pages		= "211--214"
}


@Article{gerver+ramsey1979,
  author	= "Gerver, Joseph L. and Ramsey, L. Thomas",
  title		= "On certain sequences of lattice points",
  journal	= "Pacific J. Math.",
  volume	= 83,
  pages		= "357--363",
  year		= 1979
}

@Book{gesell1916,
  author    = "Silvio Gesell",
  title     = "The Natural Economic Order",
  publisher = "Peter Owen Ltd. 1958.",
  address   = "London",
  year      = 1916,
  note      = {\url{https://archive.org/details/TheNaturalEconomicOrder}}
}


@Article{glaisher1909,
  author	= "Glaisher, J.W.L.",
  title		= "Formulae for partitions into given elements, derived from Sylvester's theorem",
  journal	= "Quart. J. Math.",
  volume	= 40,
  year		= 1909,
  pages		= "275--348"
}


@inProceedings{goh+jarecki2003,
  author	= "Goh, E.-J. and Jarecki, Stanislaw",
  title		= "A Signature Scheme as Secure as the {Diffie-Hellman} Problem",
  booktitle =    {Proceedings of Eurocrypt 2003},
  pages =        {401--415},
  year =         2003,
  editor =       {Eli Biham},
  series =       {LNCS},
  month =        {May},
  publisher =    {Springer-Verlag}
}


@Article{gowers1998,
  author	= "Gowers, W.T.",
  title		= "A new proof of Szemer\'edi's theorem for arithmetic progressions of length four",
  journal	= "Geom. Funct. Anal.",
  volume	= 8,
  year		= 1998,
  pages		= "529--551"
}


@Article{gowers2001,
  author	= "Gowers, W.T.",
  title		= "A new proof of Szemer\'edi's theorem",
  journal	= "Geom. Funct. Anal.",
  volume	= 11,
  year		= 2001,
  pages		= "465--588"
}

@misc{goyal+pandey+sahai+waters2006,
    author	= {Goyal, V. and Pandey, O. and Sahai, A. and Waters, B.},
    title	= {Attribute-Based Encryption for Fine-Grained Access Control of Encrypted Data},
    howpublished= {Cryptology ePrint Archive, Report 2006/309},
    year	= {2006},
    note	= {\url{http://eprint.iacr.org/2006/309}}
}

@Article{graham1973,
  author	= "Graham, Ron L.",
  title		= "Covering the positive integers by disjoint sets of the form $\lbrace[n\alpha + \beta]: n=1,2,\dots\rbrace$",
  journal	= jctsa,
  volume	= 15,
  year		= 1973,
  pages		= "354--358"
}


@Book{graham1979,
  author	= "Graham, Ron L.",
  title		= "Rudiments of Ramsey Theory",
  series	= "Regional conference series in Math.",
  volume	= 45,
  publisher	= "Amer. Math. Soc.",
  address	= "Providence, RI",
  year		= 1981
}


@Book{graham1981,
  author	= "Graham, Ron L.",
  title		= "Rudiments of Ramsey Theory",
  publisher	= "Amer. Math. Soc.",
  address	= "Providence, RI",
  year		= 1981
}


@Article{graham2006,
  author	= "Graham, Ron L.",
  title		= "On the growth of a van der Waerden-like function",
  journal	= integers,
  volume	= 6,
  year		= 2006,
  pages		= "A29"
}


@Book{graham+knuth+patashnik1989,
  author	= "Graham, R.L. and Knuth, D.E. and Patashnik, O.",
  title		= "Concrete Mathematics",
  publisher	= "Addison-Wesley",
  address	= "New York",
  year		= 1989
}


@Article{graham+leeb+rothschild1972,
  author	= "Graham, R.L. and Leeb, K. and Rothschild, B.L.",
  title		= "{Ramsey's} theorem for a class of categories",
  journal	= "Adv. in Math.",
  volume	= 8,
  year		= 1972,
  pages		= "417--433",
  note		= "Errata, \textbf{10} (1973), 326--327."
}


@inProceedings{graham+rothschild1971-1,
  author	= "Graham, Ronald L. and Rothschild, Bruce L.",
  title		= "A survey of finite {Ramsey} theorems",
  booktitle	= "Proc. 2nd Louisiana Conf. on Combinatorics, Graph Theory and Computing",
  organization	= "Louisiana State Univ.",
  year		= 1971,
  pages		= "21--40"
}


@Article{graham+rothschild1971-2,
  author	= "Graham, Ronald L. and Rothschild, Bruce L.",
  title		= "{Ramsey's} Theorem for $n$-parameter sets",
  journal	= "Trans. Amer. Math. Soc.",
  volume	= 159,
  year		= 1971,
  pages		= "257--292"
}


@Article{graham+rothschild1971-3,
  author	= "Graham, Ronald L. and Rothschild, Bruce L.",
  title		= "{Rota's} geometric analog to {Ramsey's} theorem",
  journal	= "Proc. Symp. Pure Math.",
  volume	= 19,
  year		= 1971,
  pages		= "101--104"
}


@Article{graham+rothschild1974,
  author	= "Graham, Ronald L. and Rothschild, Bruce L.",
  title		= "A short proof of {van der Waerden's} theorem on arithmetic progressions",
  journal	= proc_ams,
  volume	= 42,
  year		= 1974,
  pages		= "385--386"
}


@Book{graham+rothschild+spencer1980,
  author        = "Graham, Ronald L. and Rothschild, Bruce L. and Spencer, Joel H.",
  title         = "Ramsey Theory",
  series        = "Wiley-Interscience Series in Discrete Mathematics. A Wiley-Interscience Publication.",
  publisher     = "John Wiley \& Sons, Inc.",
  address       = "New York",
  year          = 1980
}


@Book{graham+rothschild+spencer1990,
  author	= "Graham, Ronald L. and Rothschild, Bruce L. and Spencer, Joel H.",
  title		= "Ramsey Theory",
  edition	= "2nd",
  series	= "Wiley-Interscience Series in Discrete Mathematics and Optimization. A Wiley-Interscience Publication.",
  publisher	= "John Wiley \& Sons, Inc.",
  address	= "New York",
  year		= 1990
}


@Article{granville1985,
  author	= "Granville, A.",
  title		= "The set of exponents, for which {Fermat's Last Theorem} is true, has density one",
  journal	= "C. R. Math. Rep. Acad. Sci. Canada",
  volume	= 8,
  year		= 1985,
  pages		= "55--60"
}


@Article{green+rees1952,
  author	= "Green, J.A. and Rees, D.",
  title		= "On semi-groups in which $x^r = x$",
  journal	= "Proc. Cambridge Philos. Soc.",
  volume	= 48,
  year		= 1952,
  pages		= "35--40"
}


@Unpublished{green+tao,
  author	= "Green, B. and Tao, T.",
  title		= "New bounds for Szemer\'ediâ€™s theorem II: A new bound for $r_4(N)$",
  note		= "preprint, arXiv:math/0610604v1"
}


@Article{greenberg1980,
  author	= "Greenberg, H.",
  title		= "An algorithm for a linear Diophantine equation and a problem of Frobenius",
  journal	= "Numer. Math.",
  volume	= 43,
  year		= 1980,
  pages		= "349--352"
}


@Article{greenberg1988,
  author	= "Greenberg, H.",
  title		= "Solution to a linear Diophantine equation for nonnegative integers",
  journal	= "J. Algorithms",
  volume	= 9,
  year		= 1988,
  pages		= "343--353"
}


@Article{greenwell+landman1989,
  author	= "Landman, B.M. and Greenwell, R.N.",
  title		= "On the existence of a reasonable upper bound for the van der Waerden numbers",
  journal	= jctsa,
  volume	= 50,
  year		= 1989,
  pages		= "82--86"
}

@misc{grigg1999,
  author	= "Grigg, Ian",
  howpublished	= "Email correspondence",
  note		= "\url{http://cryptome.org/jya/digicrash.htm}",
  year		= 1999
}

@inProceedings{grigg00,
  author	= "Grigg, Ian",
  title		= "Financial Cryptography in 7 Layers",
  booktitle	= "Financial Cryptography Fourth International Conference, FC 2000",
  publisher	= "Springer-Verlag",
  address	= "Anguilla, British West Indies",
  year		= "2000"
}


@Book{guth1998,
  author	= "Guth, Alan H.",
  title		= "The inflationary universe: the quest for a new theory of cosmic origins",
  publisher	= "Basic Books",
  year		= 1998
}


@Book{guy1994,
  author	= "Guy, Richard K.",
  title		= "Unsolved Problem in Number Theory",
  edition	= "Second",
  series	= "Problem Books in Mathematics. Unsolved Problems in Intuitive Mathematics",
  volume	= "I",
  publisher	= "Springer-Verlag",
  address	= "New York",
  year		= 1994
}


@Article{hales+jewett1963,
  author	= "Hales, Alfred W. and Jewett, Robert I.",
  title		= "Regularity and positional games",
  journal	= "Trans. Amer. Math. Soc.",
  volume	= 106,
  year		= 1963,
  pages		= "222--239"
}


@Article{hardy+littlewood1922-1,
  author	= "Hardy, G.H. and Littlewood, J.E.",
  title		= "Some problems of Diophantine approximation: the lattice-points of a right-angled triangle",
  journal	= "Proc. London Math. Soc.",
  volume	= 20,
  year		= 1922,
  pages		= "15--36"
}


@Article{hardy+littlewood1922-2,
  author	= "Hardy, G.H. and Littlewood, J.E.",
  title		= "Some problems of Diophantine approximation: the lattice-points of a right-angled triangle (Second memoir)",
  journal	= "Abh. Math. Sem. Univ. Hamburg",
  volume	= 1,
  year		= 1922,
  pages		= "212--249"
}


@Article{hardy+ramanujan1918,
  author	= "Hardy, G.H. and Ramanujan, S.",
  title		= "Asymptotic Formulaae in Combinatory Analysis",
  journal	= "Proc. London Math. Soc.",
  volume	= 17,
  year		= 1918,
  pages		= "75--115"
}


@Book{hardy+wright1960,
  author	= "Hardy, G.H. and Wright, E.M.",
  title		= "An Introduction to the Theory of Numbers",
  publisher	= "Oxford",
  year		= 1960
}


@Article{halbeisen+hungerbuhler2000,
  author	= "Halbeisen, L. and Hungerb{\"u}hler",
  title		= "An application of van der Waerden's theorem in additive number theory",
  journal	= integers,
  volume	= 0,
  pages		= "\#A7",
  year		= 2000
}


@Book{halberstam+roth1966,
  author	= "Halberstam, H. and Roth, K.E.",
  title		= "Sequences I",
  publisher	= "Oxford Univ. Press",
  address	= "Oxford",
  year		= 1966
}


@Article{hall1935,
  author	= "Hall, Philip",
  title		= "On representatives of subsets",
  journal	= jlms,
  volume	= 10,
  year		= 1935,
  pages		= "26--30"
}


@Article{haukkanen1995,
  author	= "Haukkanen, P.",
  title		= "An abstract M{\"o}bius inversion formula with number-theoretic applications",
  journal	= "Discrete Math.",
  volume	= 142,
  year		= 1995,
  pages		= "87--96"
}


@Article{haukkanen1997,
  author	= "Haukkanen, P.",
  title		= "On the real powers of completely multiplicative arithmetical functions",
  journal	= "Nieuw Arch. Wisk.",
  volume	= 15,
  year		= 1997,
  pages		= "73--77"
}


@Article{hawkins+mientka1956,
  author	= "Hawkins, D. and Mientka, W.E.",
  title		= "On sequence which contain no repetitions",
  journal	= "Math. Student",
  volume	= 24,
  year		= 1956,
  pages		= "185--187",
  note		= "MR 19 (1958) 241"
}


@Article{heath-brown1985,
  author	= "Heath-Brown, D.",
  title		= "{Fermat's Last Theorem} for ``almost all'' exponents",
  journal	= "Bull. London Math. Soc.",
  volume	= 17,
  year		= 1985,
  pages		= "15--16"
}


@Article{hedlund1954,
  author	= "Hedlund, Gustav A.",
  title		= "{Sturmian} minimal sets",
  journal	= "Amer. J. Math.",
  volume	= 66,
  year		= 1954,
  pages		= "605--620"
}


@Article{hedlund1959,
  author	= "Hedlund, Gustav A.",
  title		= "Remarks on the work of {Axel Thue} on sequences",
  journal	= "Nordisk Mat. Tidskr.",
  volume	= 15,
  year		= 1967,
  pages		= "147--150",
  note		= "MR 37 (1959), \#4454."
}


@Article{hedlung+gottschalk1964,
  author	= "Hedlung, G.A. and Gottschalk, W.H.",
  title		= "A characterization of the {Morse} minimal set",
  journal	= proc_ams,
  volume	= 15,
  year		= 1964,
  pages		= "70--74"
}


@Book{helgason1978,
  author	= "Helgason, Sigurdur",
  title		= "Differential geometry, Lie groups, and symmetric spaces",
  publisher	= "Academic Press",
  year		= 1978,
  isbn		= "0-123-38460-5"
}


@Article{herwig+heule+vanlambalgen+vanmaaren2007,
  author	= "Herwig, P.R. and Heule, M.J.H. and van Lambalgen, P.M. and van Maaren, H.",
  title		= "A new method to construct lower bounds for van der Waerden numbers",
  journal	= "Electron. J. Combin.",
  volume	= 14,
  number	= 1,
  year		= 2007,
  pages		= "R6"
}


@Article{hilbert1892,
  author	= "Hilbert, D.",
  title		= "{\"U}ber die irrducibilit{\"a}t ganzer rationaler Functionen mit ganzzahligen Koeffizienten",
  journal	= "J. Reine Angew. Math.",
  volume	= 110,
  year		= 1892,
  pages		= "104--129"
}


@Article{hill1978,
  author	= "Hill, R.",
  title		= "Caps and codes",
  journal	= "Discrete Math.",
  volume	= 22,
  year		= 1978,
  pages		= "111--137"
}


@Article{hindman1974,
  author	= "Hindman, N.",
  title		= "Finite sums from sequences within cells of a partition of $N$",
  journal	= jctsa,
  volume	= 17,
  year		= 1974,
  pages		= "1--11"
}


@Book{hindman+strauss1998,
  author	= "Hindman, N. and Strauss, D.",
  title		= "Algebra in the Stone-\u{C}ech Compactification",
  publisher	= "Walter de Gruyter, Berlin",
  address	= "New York",
  year		= 1998
}

@misc{hohenberger+sahai+waters2013,
    author = {Susan Hohenberger and Amit Sahai and Brent Waters},
    title = {Replacing a Random Oracle: Full Domain Hash From Indistinguishability Obfuscation},
    howpublished = {Cryptology ePrint Archive, Report 2013/509},
    year = {2013},
    note = {\url{http://eprint.iacr.org/}}
}

@misc{hohenberger+waters2009,
    author = {Susan Hohenberger and Brent Waters},
    title = {Realizing Hash-and-Sign Signatures under Standard Assumptions},
    howpublished = {Cryptology ePrint Archive, Report 2009/028},
    year = {2009}, 
    note = {\url{http://eprint.iacr.org/}}
}

@inProceedings{ho+parish+shiue1991,
  author	= "Ho, C.W. and Parish, J.L. and Shiue, P.J.",
  title		= "On the Sizes of the Elements in the Complement of a Submonoid of Integers",
  booktitle	= "Proceedings of the Fourth International Conference on Fibonacci Numbers and Their Applications",
  year		= 1991,
  pages		= "139--144"
}

  
@Book{hoggatt1980,
  author	= "Hoggatt, V.E., Jr.",
  title		= "{Fibonacci} and {Lucas} numbers",
  publisher	= "The Fibonacci Association",
  address	= "Santa Clara",
  year		= 1980
}


@Article{hsu1995,
  author	= "Hsu, L.C.",
  title		= "A difference-operational approach to the M{\"o}bius inversion formulas",
  journal	= "Fibonacci Quart",
  volume	= 33,
  year		= 1995,
  pages		= "169--173"
}


@Article{hsu+shiue2001,
  author	= "Hsu, L.C. and Ramanujan, S.",
  title		= "Cycle indicator and special polynomials",
  journal	= "Annals of Combinatorics",
  volume	= 5,
  number	= 2,
  year		= 2001,
  pages		= "179--196"
}


@Article{hsu+wang1998,
  author	= "Hsu, L.C. and Wang, J.",
  title		= "Some M{\"o}bius-type functions and inversions constructed via difference operators",
  journal	= "Tamkang J. Math.",
  volume	= 29,
  year		= 1998,
  pages		= "89--99"
}


@Book{hua1982,
  author	= "Hua, L.K.",
  title		= "Introduction to Number Theory",
  publisher	= "Springer-Verlag",
  year		= 1982
}


@Book{hua+wang1981,
  author	= "Hua, L.K. and Wang, Y.",
  title		= "Applications of number theory to numerical analysis",
  publisher	= "Springer",
  address	= "New York",
  year		= 1981
}


@Article{huang+yang2000,
  author	= "Huang, Y.R. and Yang, J. S.",
  title		= "New upper bounds for van der Waerden numbers $w(3,n)$",
  journal	= "Chinese Annals of Math. Series A",
  volume	= 21,
  year		= 2000,
  pages		= "631--634"
}


@Article{hujter+visvari1987,
  author	= "Hujter, M. and Vizv\'ari, B.",
  title		= "The exact solutions to the Frobenius problem with three variables",
  journal	= "J. Ramanujan Math. Soc.",
  volume	= 2,
  year		= 1987,
  pages		= "117--143"
}


@Article{isbell1964,
  author	= "Isbell, J.R.",
  title		= "Six theorems about injective metric spaces",
  journal	= "Comment. Math. Helv.",
  volume	= 39,
  year		= 1964,
  pages		= "65--76"
}


@Article{ito+yastomi1990,
  author	= "Ito, S. and Yastomi, S.",
  title		= "On continued fractions, substitutions and characteristc sequences $[nx + y] - [(n-1)x + y]$",
  journal	= "Japan J. Math.",
  volume	= 16,
  year		= 1990,
  pages		= "287--306"
}


@Article{jacob1978,
  author	= "Jacob, G.",
  title		= "La finitude des repr\'esentations lin\'eaires des semi-groupes est d\'ecidable",
  journal	= "J. Algebra",
  volume	= 52,
  year		= 1978,
  pages		= "437--459"
}


@Article{jaroslaw2008,
  author	= "Grytczuk, Jaroslaw",
  title		= "Thue type problems for graphs, points, and numbers",
  journal	= "Discrete Math.",
  volume	= 308,
  year		= 2008,
  pages		= "4419--4429"
}

@misc{jl20122013,
  author	= "jl2012",
  title		= {{OP\_CHECKCOLORVERIFY}: soft-fork for native color coin support},
  year		= 2013,
  note		= {{BitcoinTalk} post, \url{https://bitcointalk.org/index.php?topic=253385.0}}
}

@inCollection{justin1971,
  author	= "Justin, J.",
  title		= "Th\'eor\`eme de {van der Waerden}, {Lemme de Brown} et demi-groupes r\'ep\'etifs (unpublished preprint)",
  booktitle	= "Journ\'ees sur la th\'eorie alg\'ebrique des Demi-groupes",
  publisher	= "Facult\'e de Sciences de Lyon",
  year		= 1971,
}


@Article{justin1972-1,
  author	= "Justin, J.",
  title		= "Characterization of the repetitive commutative semigroups",
  journal	= "J. Algebra",
  volume	= 21,
  year		= 1972,
  pages		= "87--90"
}


@Article{justin1972-2,
  author	= "Justin, J.",
  title		= "G\'en\'eralisation du th\'eor\`eme de {van der Waerden} sur les semi-groups r\'epetitifs",
  journal	= jctsa,
  volume	= 12,
  year		= 1972,
  pages		= "357--367"
}


@Article{kan+stechkin+sharkov1997,
  author	= "Kan, I.D. and Stechkin, B.S. and Sharkov, I.V.",
  title		= "On the Frobenius problem for three arguments",
  journal	= "Mat. Zametki",
  volume	= 62,
  year		= 1997,
  pages		= "626--629",
  note		= "In Russian. Translation in Math. Notes {\bf 62} (1997), 521-523."
}


@Article{karhumaki1983,
  author	= "Karhumaki, J.",
  title		= "On cube-free $\omega$-words generated by binary morphisms",
  journal	= "Discrete Appl. Math.",
  volume	= 5,
  year		= 1983,
  pages		= "279--297"
}


@Book{kelley1955,
  author	= "Kelley, John L.",
  title		= "General Topology",
  publisher	= "van Nostrand",
  year		= 1975,
  note		= "Reprinted (1975) by Springer-Verlag"
}


@inCollection{keranen1992,
  author	= "Ker{\"a}nen, V.",
  title		= "Abelian squares are avoidable on 4 letters",
  booktitle	= "Proc. 19th Int'l Conf. on Automata, Languages, and Programming (ICALP)",
  editor	= "Kuich, W.",
  series	= "Lecture Notes in Computer Science",
  volume	= 623,
  pages		= "41--52",
  publisher	= "Springer-Verlag",
  year		= 1992
}


@Article{keranen2009,
  author	= "Ker{\"a}nen, V.",
  title		= "A  powerful abelian square-free substitution over 4 letters",
  journal	= "Theoretical Computer Science",
  volume	= 410,
  pages		= "3893--3900",
  year		= 2009
}


@Book{khinchin1998,
  author	= "Khinchin, A.Y.",
  title		= "Three Pearls of Number Theory",
  note		= "Translated fro the Russian by F. Bagemihl, H. Komm, and W. Seidel. Reprint of the 1952 translation.",
  publisher	= "Dover Publications, Inc.",
  address	= "Mineola, NY",
  year		= 1998
}


@inProceedings{kilian1988,
  author	= "Kilian, J.",
  title		= "Founding cryptography on oblivious transfer",
  editor	= "Janos Simon",
  booktitle	= "STOC",
  year		= 1988,
  pages		= "20--31",
  publisher	= "ACM"
}


@Article{kim1995,
  author	= "Kim, J.H.",
  title		= "The Ramsey number $R(3, t)$ has order of magnitude $t^2 / \log t$",
  journal	= "Random Structures Algorithms",
  volume	= 7,
  number	= 3,
  year		= 1995,
  pages		= "173--207"
}


@Book{kirillov1936,
  author	= "Kirillov, A.A",
  title		= "Lectures on the Orbit Method",
  publisher	= "American Mathematical Society",
  series	= "Graduate Studies in Mathematics",
  volume	= 64,
  year		= 1936,
  isbn		= "0-8218-3530-0"
}


@Book{knorr1975,
  author	= "Knorr, W.R.",
  title		= "The Evolution of the Euclidean Elements",
  publisher	= "Reidel",
  address	= "Dordrecht",
  year		= 1975
}


@Book{knuth1973,
  author	= "Knuth, Donald",
  title		= "The Art of Computer Programming",
  volume	= 1,
  edition	= "2nd",
  publisher	= "Addison-Wesley",
  address	= "New York",
  year		= 1973
}


@PhDThesis{kouril2006,
  author	= "Kouril, M.",
  school	= "University of Cincinnati",
  title		= "A Backtracking Framework for Beowulf Clusters with an Extension to Multi-Cluster Computation and Sat Benchmark Problem Implementation",
  year		= 2006
}


@Misc{kouril2007,
  author	= "Kouril, M.",
  title		= "private communication",
  year		= 2007
}


@Article{kratzel1970,
  author	= "Kr{\"a}tzel, E.",
  title		= "Die maximale Ordnung der Anzahl der wesentlich verschiedenen abelschen Gruppen \$n\$-ter Ordnung",
  journal	= "Quart. J. Math. Oxford Ser.",
  volume	= 21,
  number	= 2,
  year		= 1970,
  pages		= "273--275",
  note		= "In German."
}


@Article{kuipers1977,
  author	= "Kuipers, L.",
  title		= "An irrational sum",
  journal	= "Southeast Asian Bull. Math.",
  volume	= 1,
  year		= 1977,
  pages		= "20--21"
}


@Article{kuriki1978,
  author	= "Kuriki, S.",
  title		= "Sur une m$\acute{e}$thode de calcul du d$\acute{e}$num$\acute{e}$rant",
  journal	= "TRU Math.",
  volume	= 14,
  year		= 1978,
  pages		= "47--48"
}


@Book{lallement1979,
  author	= "Lallement, G\'erard",
  title		= "Semigroups and combinatorial applications",
  series	= "Pure and Applied Mathematics. A Wiley-interscience Publication",
  publisher	= "John Wiley \& Sons",
  address	= "New York-Chichester-Brisbane",
  year		= 1979,
  isbn		= "0-471-04379-6"
}

@TechReport{lamport1979,
  author	= "Lamport, L.",
  title		= "Constructing digital signatures from a one-way function",
  number	= "SRI-CSL-98",
  institution	= "SRI International Computer Science Laboratory",
  year		= 1979,
  month		= "October"
}
  
@Article{landman1986,
  author	= "Landman, Bruce M.",
  title		= "Generalized van der {Waerden} numbers",
  journal	= "Graphs Comb.",
  volume	= 2, 
  year		= 1989,
  pages		= "82--86"
}


@Article{landman1992,
  author	= "Landman, Bruce M.",
  title		= "Ramsey functions related to the van der {Waerden} numbers",
  journal	= "Discrete Math.",
  volume	= 102,
  year		= 1992,
  pages		= "265--278"
}


@Article{landman1993,
  author	= "Landman, Bruce M.",
  title		= "An upper bound for van der {Waerden}-like numbers using $k$ colors",
  journal	= "Graphs Comb.",
  volume	= 9,
  year		= 1993,
  pages		= "177--184"
}


@Article{landman1994,
  author	= "Landman, Bruce M.",
  title		= "Ramsey functions associated with second order recurrences",
  journal	= "J. Camb. Math. Comb. Comp.",
  volume	= 15,
  year		= 1994,
  pages		= "119--128"
}


@Article{landman1998,
  author	= "Landman, Bruce M.",
  title		= "Ramsey functions for quasi-progressions",
  journal	= "Graphs Comb.",
  volume	= 14,
  year		= 1998,
  pages		= "131--142"
}


@Article{landman1999-1,
  author	= "Landman, Bruce M.",
  title		= "On some generalizations of the van der {Waerden} number $w(3)$",
  journal	= "Discrete Mathematics",
  volume	= 207,
  year		= 1999,
  pages		= "137--147"
}


@Article{landman1999-2,
  author	= "Landman, Bruce M.",
  title		= "On avoiding arithmetic progressions whose common diÃ†erences belong to a given small set",
  journal	= "J. Comb. Math. Comb. Comp.",
  volume	= 30,
  year		= 1999,
  pages		= "221--229"
}


@Article{landman+greenwell1988,
  author	= "Landman, Bruce M. and Greenwell, Raymond N.",
  title		= "Values and bounds for Ramsey numbers associated to polynomial iteration",
  journal	= "Discrete Math.",
  volume	= 68,
  year		= 1988,
  pages		= "77--83"
}


@Article{landman+greenwell1990-1,
  author	= "Landman, Bruce M. and Greenwell, Raymond N.",
  title		= "Some new bounds and values for van der Waerden-like numbers",
  journal	= "Graphs Combin.",
  volume	= 6,
  year		= 1990,
  pages		= "287--291"
}


@Article{landman+greenwell1990-2,
  author	= "Landman, Bruce M. and Greenwell, Raymond N.",
  title		= "Accurate bounds for new van der {Waerden} type numbers",
  journal	= "J. Comb. Math. Comb. Comp.",
  volume	= 8,
  year		= 1990,
  pages		= "103--106"
}


@Article{landman+long1994,
  author	= "Landman, B.M. and Long, A.",
  title		= "Ramsey functions for sequences with adjacent differences in a specified congruence class",
  journal	= "Congressus Numerantium",
  volume	= 103,
  pages		= "3--20",
  year		= 1994
}


@Book{landman+robertson2004,
  author	= "Landman, B.M. and Robertson, A.",
  title		= "Ramsey Theory on the Integers",
  publisher	= "American Mathematical Society",
  year		= 2004
}


@Article{landman+robertson+culver2005,
  author	= "Landman, B.M. and Robertson, A. and Culver, C.",
  title		= "Some new exact van der Waerden numbers",
  journal	= integers,
  volume	= 5,
  number	= 2,
  year		= 2005,
  pages		= "A10"
}


@Article{landman+wysocka1997,
  author	= "Landman, B.M. and Wysocka, B.",
  title		= "Collections of sequences having the {Ramsey} property only for few colors",
  journal	= "Bull. Australian Math. Soc.",
  volume	= 55,
  year		= 1997,
  pages		= "19--28"
}


@Article{laohakosol+roenrom1984,
  author	= "Laohakosol, V. and Roenrom, N.",
  title		= "A remark on a result of {L. Kuipers}",
  journal	= "Southeast Asian Bull. Math.",
  volume	= 8,
  year		= 1984,
  pages		= "22--23"
}


@Article{laubie1991,
  author	= "Laubie, F.",
  title		= "Prolongements homographiques de substitutions de mots de {Chrisoffel}",
  journal	= "C. R. Acad. Sci. Paris (I)",
  volume	= 313,
  year		= 1991,
  pages		= "565--567"
}


@inCollection{lazerson1961,
  author	= "Lazerson, Earl",
  title		= "Idempotent semigroups",
  booktitle	= "Working Paper No. 38",
  publisher	= "Communications Research Division, Institute for Defense Analyses",
  address	= "von Neumann Hall, Princeton, NJ",
  year		= 1961
}


@Article{leech1957,
  author	= "Leech, J.",
  title		= "A problem on strings of beads",
  journal	= "Math. Gaz.",
  volume	= 41,
  year		= 1957,
  pages		= "277-278"
}


@Article{lekkerkerker1952,
  author	= "Lekkerkerker, C.G.",
  title		= "Representation of natural numbers as a sum of {Fibonacci} numbers",
  journal	= "Simon Stevin",
  volume	= 29,
  year		= 1952,
  pages		= "190--195"
}

@inProceedings{benaloh+leichter1988,
  author	= {Benaloh, J. and Leichter, J.},
  month		= {January},
  publisher	= {Springer-Verlag},
  booktitle	= {Advances in Cryptology --- CRYPTO},
  volume	= 403,
  pages		= "27--36",
  title	= {Generalized Secret Sharing and Monotone Functions},
  note	= {\url{http://research.microsoft.com/apps/pubs/default.aspx?id=68345}},
  year	= {1988}
}



@Article{lerch1904,
  author	= "Lerch, M.",
  title		= "Question 1547",
  journal	= "l'Interm\'ediaire des Math\'ematiciens",
  volume	= 11,
  year		= 1904,
  pages		= "145--146"
}


@Article{lewin1975,
  author	= "Lewin, M.",
  title		= "An algorithm for a solution of a problem of Frobenius",
  journal	= "J. Reine Angew. Math.",
  volume	= 276,
  year		= 1975,
  pages		= "68--82"
}

@Book{lietaer2001,
  author	= "Lietear, B.",
  title		= "The Future of Money",
  publisher	= "Random House",
  month		= "January",
  year		= 2001,
  address	= "London"
}

@Book{liu1985,
  author	= "Liu, C.L.",
  title		= "Elements of discrete mathematics",
  publisher	= "McGraw-Hill",
  address	= "New York",
  year		= 1985
}


@Article{livingston1983,
  author	= "Livingston, M.C.",
  title		= "Common transversals for families of partitions",
  journal	= "Cong. Numer.",
  volume	= 40,
  year		= 1983,
  pages		= "181--187"
}


@Article{longyear1977,
  author	= "Longyear, J.Q.",
  title		= "Common transversals in partitioning families",
  journal	= "Discrete Math.",
  volume	= 17,
  year		= 1977,
  pages		= "327--329"
}


@Article{lubell1966,
  author	= "Lubell, D.",
  title		= "A short proof of {Sperner's} lemma",
  journal	= "J. Combinatorial Theory",
  volume	= 1,
  year		= 1966,
  pages		= 299
}


@Book{lyapin1960,
  author	= "Lyapin, E.S.",
  title		= "Semigroups",
  publisher	= "Moscow",
  year		= 1960
}


@Article{lyndon1975,
  author	= "Lyndon, R.C.",
  title		= "Solution to Problem E 2440",
  journal	= "Amer. Math. Monthly",
  volume	= 82,
  year		= 1975,
  pages		= "74--75"
}


@Article{makarov2009,
  author	= "Makarov, M.A.",
  title		= "On an infinite permutation similar to the {Thue-Morse} word",
  journal	= "Discrete Math.",
  volume	= 309,
  year		= 2009,
  pages		= "6641-6643"
}


@Article{makarov2010,
  author	= "Makarow, M.A.",
  title		= "On the infinite permutation generated by the period doubling word",
  journal	= "European J. Combin.",
  volume	= 31,
  year		= 2010,
  pages		= "368--378"
}


@Book{maclane1998,
  author	= "Mac Lane, Saunders",
  title		= "Categories for the Working Mathematician",
  publisher	= "Springer-Verlag",
  edition	= "2nd",
  series	= "Graduate Texts in Mathematics",
  volume	= 5,
  year		= 1998,
  isbn		= "0-387-90036-5"
}


@Article{mclean1954,
  author	= "McLean, David",
  title		= "Idempotent semigroups",
  journal	= "Amer. Math. Monthly",
  volume	= 61,
  year		= 1954,
  pages		= "110--113"
}


@Article{mcnaughton+zalcstein1975,
  author	= "McNaughton, Robert and Zalcstein, Yechezkel",
  title		= "The Burnside problem for semigroups",
  journal	= "J. Algebra",
  volume	= 34,
  year		= 1975,
  pages		= "292--299"
}


@Article{markoff1882,
  author	= "Markoff, A.A.",
  title		= "Sur une question de {Jean Bernoulli}",
  journal	= "Math. Ann.",
  volume	= 19,
  year		= 1882,
  pages		= "27--36"
}

@misc{maxwell2011,
  author	= "Maxwell, G.",
  title		= {Deterministic wallets},
  year		= 2011,
  note		= {{BitcoinTalk} post, \url{https://bitcointalk.org/index.php?topic=19137.0}}
}

@misc{maxwell2013,
  author	= "Maxwell, G.",
  title		= {{CoinJoin}: {Bitcoin} privacy for the real world},
  year		= 2013,
  note		= {{BitcoinTalk} post, \url{https://bitcointalk.org/index.php?topic=279249.0}}
}

@unpublished{maxwell+poelstra2014,
  author	= "Maxwell, G. and Poelstra, A.",
  title		= "Output Distribution Obfuscation",
  year		= 2014,
  note		= {\url{https://download.wpsoftware.net/bitcoin/wizardry/brs-arbitrary-output-sizes.txt}}
}

@unpublished{maxwell2014,
  author	= "Maxwell, G.",
  title		= {User:Gmaxwell/alt ideas},
  year		= 2014,
  note		= {\url{https://en.bitcoin.it/wiki/User:Gmaxwell/alt_ideas}. Retrieved on 2014-10-09.}
}


@Book{may1999,
  author	= "May, J.P.",
  title		= "A Concise Course in Algebraic Topology",
  publisher	= "University of Chicago Press",
  address	= "Chicago",
  year		= 1999,
  isbn		= "0-226-51182-0"
}


@inProceedings{mendelsohn1974,
  author	= "Mendelsohn, N.S.",
  title		= "The golden ratio and van der {Waerden's} theorem",
  booktitle	= "Proc. 5th SE Conf. on Combinatorics, Graph Theory, and Computing, Congressus Numerantium",
  volume	= 10,
  year		= 1974,
  pages		= "93--109"
}

@inCollection{merkle1988,
  author	= "Merkle, R.C.",
  title		= "A Digital Signature Based on a Conventional Encryption Function",
  journal	= {Advances in Cryptology -- CRYPTO '87},
  booktitle	= "Lecture Notes in Computer Science",
  volume	= 293,
  pages		= 369,
  year		= 1988
}

@Article{mignosi1989,
  author	= "Mignosi, F.",
  title		= "Infinite words with linear subword complexity",
  journal	= "Theor. Comput. Sci.",
  volume	= 65,
  year		= 1989,
  pages		= "221--242"
}

@Inproceedings{miller+shi+juels+parno+katz2014,
  author	= "Miller, A. and Shi, E. and Juels, A. and Parno, B. and Katz. J.",
  title		= "Permacoin: Repurposing {Bitcoin} Work for Data Preservation",
  booktitle	= {Proceedings of the IEEE Symposium on Security and Privacy},
  publisher	= {IEEE},
  year		= 2014,
  note		= {\url{http://cs.umd.edu/~amiller/permacoin.pdf}}
}

@TechReport{miller+laviola2014,
  title		= "Anonymous {Byzantine} Consensus from Moderately-Hard Puzzles: A Model for {Bitcoin}",
  author	= "Miller, A. and LaViola Jr, J. J.",
  year		= 2014,
  month		= "April",
  number	= "CS-TR-14-01",
  institution	= "UCF"
}

@Article{mills1983,
  author	= "Mills, George",
  title		= "A quintessential proof of van der {Waerden's} theorem on arithmetic progressions",
  journal	= "Discrete Math.",
  volume	= 47,
  year		= 1983,
  pages		= "117--120"
}


@Book{mirsky1971,
  author	= "Mirsky, L.",
  title		= "Transversal Theory",
  publisher	= "Academic Press",
  address	= "New York",
  year		= 1971
}


@Article{moore+seiberg1989,
  author	= "Moore, G. and Seiberg, N.",
  title		= "Classical and Quantum Conformal Field Theory",
  journal	= "Commun. Math. Phys.",
  volume	= 123,
  pages		= "177",
  year		= 1989
}


@Book{mordell1969,
  author	= "Mordell, L.J.",
  title		= "Diophantine Equations",
  series	= "Pure and Applied Mathematics",
  volume	= 30,
  publisher	= "Academic Press",
  address	= "London-New York",
  year		= 1969
}


@Article{morse1938,
  author	= "Morse, Marston",
  title		= "A solution of the problem of infinite play in chess, Abstract 360",
  journal	= "Bull. Am. Math. Soc.",
  volume	= 44,
  year		= 1938,
  pages		= 632
}


@Article{morse+hedlund1940,
  author	= "Morse, Marston and Hedlund, Gustav A.",
  title		= "Symbolic dynamics {II}: {Sturmian} trajectories",
  journal	= "Amer. J. Math.",
  volume	= 62,
  year		= 1940,
  pages		= "1--42"
}


@Article{morse+hedlund1944,
  author	= "Morse, Marston and Hedlund, Gustav A.",
  title		= "Unending chess, symbolic dynamics, and a problem in semigroups",
  journal	= "Duke Math. J.",
  volume	= 11,
  year		= 1944,
  pages		= "1--7"
}


@Article{moser1970,
  author	= "Moser, L.",
  title		= "Problem 170",
  journal	= "Canad. Math. Bull.",
  volume	= 13,
  year		= 1970,
  pages		= "268"
}


@Article{moulin1981,
  author	= "Moulin, H.",
  title		= "Deterrence and Cooperation",
  journal	= "European Economic Review",
  volume	= 15,
  year		= 1981,
  pages		= "179--193"
}

@misc{mouton2013,
  author	= "Mouton, Y. M.",
  title		= {Increasing Anonymity in {Bitcoin} ... (possible alternative to {Zerocoin}?)},
  year		= 2013,
  note		= {{BitcoinTalk} post, \url{https://bitcointalk.org/index.php?topic=290971}}
}

@misc{miller2012,
  author	= "Miller, A.",
  title		= {The High-Value-Hash Highway},
  year		= 2012,
  note		= {{BitcoinTalk} post, \url{https://bitcointalk.org/index.php?topic=98986.0}}
}

@Article{nathanson1980,
  author	= "Nathanson, M.B.",
  title		= "Arithmetic progressions contained in sequences with bounded gaps",
  journal	= "Canad. Math. Bull.",
  volume	= 23,
  year		= 1980,
  pages		= "491--493"
}


@Article{nathanson2000,
  author	= "Nathanson, M.B.",
  title		= "Partition with parts in a finite set",
  journal	= proc_ams,
  volume	= 128,
  year		= 2000,
  pages		= "1269--1273"
}


@Article{nesetril+rodl1984,
  author	= "Ne\u{s}et\u{r}il, J. and R{\"o}dl, V.",
  title		= "Combinatorial partitions of finite posets and lattices -- Ramsey Lattices",
  journal	= "Algebra Universalis",
  volume	= 19,
  year		= 1984,
  pages		= "106--119"
}


@Misc{nesfield+grigg2004,
  author	= "Nesfield, J and Grigg, I.",
  title		= "Mutual Funds and Financial Flaws",
  howpublished	= "2004 Senate Finance subcommittee hearing on mutual funds",
  year		= 2004,
  note		= "\url{http://iang.org/papers/mutual_funds.html}"
}


@Article{nishioka+shiokawa+tamura1992,
  author	= "Nishioka, K. and Shiokawa, I. and Tamura, J.",
  title		= "Arithmetical properties of a certain power series",
  journal	= "J. Number Theory",
  volume	= 42,
  year		= 1996,
  pages		= "61--87"
}


@Book{niven1963,
  author	= "Niven, I.",
  title		= "Diophantine Approximations",
  publisher	= "Wiley",
  address	= "New York",
  year		= 1963
}


@Book{niven+zuckerman+montgomery1991,
  author	= "Niven, I. and Zuckerman, H.S. and Montgomery, H.L.",
  title		= "An introduction to the Theory of Numbers",
  edition	= "5th",
  publisher	= "John Wiley",
  address	= "New York",
  year		= 1991
}

@unpublished{nolan2013,
  author	= "Nolan, T.",
  title		= {Re: Alt chains and atomic transfers},
  year		= 2013,
  note		= {\url{https://bitcointalk.org/index.php?topic=193281.msg2224949#msg2224949}}
}

@Article{odda1975,
  author	= "Odda, T.",
  title		= "Solution to Problem E 2440",
  journal	= "Amer. Math. Monthly",
  volume	= 82,
  year		= 1975,
  pages		= 74
}


@inProceedings{ono1979,
  author	= "Ono, Y.",
  title		= "The kinked demand curve: a theoretical approach",
  booktitle	= "Discussion Paper, Workshop in Theoretical Economics",
  organization	= "ICERD",
  publisher	= "London School of Economics",
  address	= "London, England",
  year		= 1979
}


@Article{ostrowski1922,
  author	= "Ostrowski, A.",
  title		= "Bemerkungen zur Theorie der {Diophantischen} Approximationen",
  journal	= "Abh. Math. Sem. Univ. Hamburg",
  volume	= 1,
  year		= 1922,
  pages		= "77-98"
}


@Article{parikh1966,
  author	= "Parikh, R.J.",
  title		= "On context-free languages",
  journal	= "J. Assoc. Comput. Mach.",
  volume	= 13,
  year		= 1966,
  pages		= "570--581"
}


@Article{paris+harrington1978,
  author	= "Paris, J. and Harrington, L.",
  title		= "Simple combinatorial problems without reasonable solutions",
  journal	= "Notices Amer. Math. Soc.",
  volume	= 25,
  year		= 1978,
  pages		= "A-40"
}


@Book{perry1978,
  author	= "Perry, John",
  title		= "A Dialogue on Personal Identity and Immortality",
  publisher	= "Hackett Publishing Company",
  address	= "Indiana",
  year		= 1978,
  isbn		= "0-915144-53-0",
  note		= "Fifth Printing 1981"
}


@Article{pirillo+varricchio1994,
  author	= "Pirillo, G. and Varricchio, S.",
  title		= "On uniformly repetitive semigroups",
  journal	= "Semigroup Forum",
  volume	= 49,
  pages		= "125--129",
  year		= 1994
}

@misc{poelstra2014-1,
  author	= "Poelstra, A.",
  title		= {A Treatise on Altcoins},
  year		= 2014,
  note		= {Unfinished, \url{https://download.wpsoftware.net/bitcoin/alts.pdf}}
}

@misc{poelstra2014-2,
  title		= {Is there any \_true\_ anonymous cryptocurrencies?},
  author	= "Poelstra, A.",
  howpublished	= {Bitcoin.SE},
  year		= 2014,
  note		= {\url{http://bitcoin.stackexchange.com/a/29473}}
}

@misc{poelstra2014-3,
  author	= "Poelstra, A.",
  title		= {{ASICs} and Decentralization {FAQ}},
  year		= 2014,
  note		= {\url{https://download.wpsoftware.net/bitcoin/asic-faq.pdf}}
}

@Article{pleasants1970,
  author	= "Pleasants, P.A.B.",
  title		= "Non-repetitive sequences",
  journal	= "Proc. Cambridge Philos. Soc.",
  volume	= 68,
  year		= 1970,
  pages		= "267--274"
}


@Book{polya+szego1978,
  author	= "P\'olya, G. and Szeg{\"o}, G.",
  series	= "Grundlehren der Mathematischen Wissenschaften [Fundamental Principles of Mathematical Sciences]",
  volume	= 193,
  title		= "Problems and Theorems in Analysis I. Series, Integral Calculus, Theory of Functions",
  publisher	= "Springer-Verlag",
  address	= "Berlin-New York",
  year		= 1978,
  note		= "Translated from the German by D. Aeppli. Corrected printing of the revised translation of the fourth German edition."
}
  

@Article{poorten1973,
  author	= "van der Poorten, A.J.",
  title		= "A note on recurrence sequences",
  journal	= "J. and Proc., Royal Soc. of New South Wales",
  volume	= 106,
  year		= 1973,
  pages		= "115--117"
}


@Article{porta+stolarsky1990,
  author	= "Porta, H. and Stolarsky, K.B.",
  title		= "Half-silvered mirrors and {Wythoff's} game",
  journal	= "Canad. Math. Bull.",
  volume	= 33,
  year		= 1990,
  pages		= "119--125"
}


@Book{procesi2007,
  author	= "Procesi, Claudio",
  title		= "Lie Groups: An Approach through Invariants and Representations",
  publisher	= "Springer",
  series	= "Universitext",
  year		= 2007,
  isbn		= "978-0-387-26040-2"
}


@Article{promel+rodl1986,
  author	= "Pr{\"o}mel, Hans-J{\"u}rgen and R{\"o}dl, Vojtek",
  title		= "An elementary proof of the canonizing version of {Gallai-Witt's} theorem",
  journal	= jctsa,
  volume	= 42,
  year		= 1986,
  pages		= "114--149"
}


@Article{promel+rothschild1987,
  author	= "Pr{\"o}mel, Hans-J{\"u}rgen and Rothschild, B.L.",
  title		= "A canonical restricted version of {van der Waerden's} theorem",
  journal	= "Combinatorica",
  volume	= 7,
  year		= 1987,
  number	= 1,
  pages		= "115--119"
}


@Article{pugh1990,
  author	= "Pugh, W.",
  title		= {Skip lists: A probabilistic alternative to balanced trees},
  journal	= "Communications of the ACM",
  volume	= 33,
  number	= 6,
  pages		= 668,
  year		= 1990,
  note		= "\url{ftp://ftp.cs.umd.edu/pub/skipLists/skiplists.pdf}"
}


@TechReport{rabung1970,
  author	= "Rabung, J.R.",
  title		= "A note on van der {Waerden's} Theorem",
  institution	= "Mathematics Research Center, Naval Research Laboratory",
  number	= "70--76",
  year		= 1970
}


@Article{rabung1975,
  author	= "Rabung, J.R.",
  title		= "On applications of van der {W}aerden's theorem.",
  journal	= "Math. Mag.",
  volume	= 48,
  year		= 1975,
  pages		= "142--148"
}


@Article{raczunas+chrzpolhkastowski-watchtel1993,
  author	= "Raczunas, M. and Chrzpolhkastowski-Wachtel, P.",
  title		= "A Diophantine problem of Frobenius in terms of the least common multiple",
  journal	= "Discrete Math.",
  year		= 1996,
  pages		= "347--357",
  note		= "Selected papers in honor of Paul Erd\H{o}s on the occasion of his $80$th birthday (Keszthely, 1993)"
}


@Article{rademacher1937,
  author	= "Rademacher, H.",
  title		= "On the partition function $p(n)$",
  journal	= "Proc. London Math. Soc.",
  volume	= 43,
  year		= 1937,
  pages		= "241--254"
}


@Article{rado1933,
  author	= "Rado, R.",
  title		= "Studien zur Kombinatorik",
  journal	= "Math Z.",
  volume	= 36,
  year		= 1933,
  pages		= "424--480"
}


@Article{rado1943,
  author	= "Rado, R.",
  title		= "Note on combinatorial anaylysis",
  journal	= "Proc. London Math. Soc., Ser. 2",
  volume	= 48,
  year		= 1943,
  pages		= "122--160"
}


@Article{rado1949,
  author	= "Rado, R.",
  title		= "Axiomatic treatment of rank in infinite sets",
  journal	= "Canad. J. Math.",
  volume	= 1,
  year		= 1949,
  pages		= "337--343"
}


@Article{ramirez-alfonsin1996,
  author	= "Ramirez-Alfonsin, J.L.",
  title		= "Complexity of the Frobenius problem",
  journal	= "Combinatorica",
  volume	= 16,
  year		= 1996,
  pages		= "143--147"
}


@Article{ramsey1930,
  author	= "Ramsey, F.",
  title		= "On a problem of formal logic",
  journal	= "Proc. London Math. Soc.",
  volume	= 30,
  year		= 1930,
  pages		= "264--286"
}


@Article{rankin1961,
  author	= "Rankin, R.",
  title		= "Sets of integers containing not more than a given numbers of terms in arithmetical progression",
  journal	= "Proc. Roy. Soc. Edinburgh Sect. A",
  volume	= 65,
  year		= 1961,
  pages		= "332--344"
}


@Article{rearick1968,
  author	= "Rearick, D.",
  title		= "The trigonometry of numbers",
  journal	= "Duck Math. J.",
  volume	= 35,
  year		= 1968,
  pages		= "767--776"
}

@Article{reed1954,
  author	= "Reed, I.",
  title		= "A class of multiple-error-correcting codes and the decoding scheme",
  journal	= "IRE Professional Group on Information Theory",
  volume	= 1,
  number	= 4,
  year		= 1954,
  pages		= "38--49"
}


@Article{restivo1989,
  author	= "Restivo, A.",
  title		= "Permutation properties and the {Fibonacci} semigroup",
  journal	= "Semigroup Forum",
  volume	= 38,
  year		= 1989,
  pages		= "337--345"
}


@Unpublished{richomme+saari+zamboni,
  author	= "Richomme, Gw\'ena{\"e}l and Saari, Kalle and Zamboni, Luca Q.",
  title		= "Abelian complexity in minimal subshifts",
  note		= "arXiv:0911.2914"
}


@Article{ridell1979,
  author	= "Ridell, R.C.",
  title		= "Eudoxan mathematics and the {Eudoxan} spheres",
  journal	= "Archive for Hist. of Exact. Sci.",
  volume	= 20,
  year		= 1979,
  pages		= "1--19"
}


@Book{riordan1980,
  author	= "Riordan, J.",
  title		= "An Introduction to Combinatorial Analysis",
  publisher	= "Princeton University Press",
  address	= "Princeton, N.J.",
  year		= 1980,
  note		= "Reprint of the 1958 edition"
}

@inproceedings{rivest+shamer+tauman2001,
  author = {Rivest, R. L. and Shamir, A. and Tauman, Y.},
  title = {How to Leak a Secret},
  booktitle = {Proceedings of the 7th International Conference on the Theory and Application of Cryptology and Information Security: Advances in Cryptology},
  series = {ASIACRYPT '01},
  year = {2001},
  isbn = {3-540-42987-5},
  pages = {552--565},
  numpages = {14},
  url = {http://dl.acm.org/citation.cfm?id=647097.717015},
  acmid = {717015},
  publisher = {Springer-Verlag},
  address = {London, UK, UK},
} 


@Article{robbins1937,
  author	= "Robbins, H.E.",
  title		= "On a class of recurrent sequences",
  journal	= "Bull. Amer. Math. Soc.",
  volume	= 43,
  year		= 1937,
  pages		= "413--417"
}


@Article{roberts1956,
  author	= "Roberts, J.B.",
  title		= "Note on linear forms",
  journal	= proc_ams,
  volume	= 7,
  year		= 1956,
  pages		= "465--469"
}


@Article{roberts1957,
  author	= "Roberts, J.B.",
  title		= "On a {Diophantine} Problem",
  journal	= "Canad. J. Math.",
  volume	= 9,
  year		= 1957,
  pages		= "219--222"
}


@Book{roberts1977,
  author	= "Roberts, J.B.",
  title		= "Elementary Number Theory",
  publisher	= "MIT Press",
  address	= "Boston",
  year		= 1977
}


@Article{rodl1985,
  author	= "R{\"o}dl, Vojtek",
  title		= "On a packing and covering problem",
  journal	= "European J. Combin.",
  volume	= 6,
  year		= 1985,
  pages		= "69--78"
}


@Article{rodseth1978,
  author	= "R{\"o}dseth, {\"O}.J.",
  title		= "On a linear diophantine problem of Frobenius",
  journal	= "J. reine angew. Math.",
  volume	= 301,
  year		= 1978,
  pages		= "171--178"
}


@Article{rosenblatt1978,
  author	= "Rosenblatt, J.",
  title		= "The sequence of greatest integers of an arithmetic progression",
  journal	= jlms,
  volume	= 17,
  year		= 1978,
  pages		= "213--218"
}


@Book{rosenthal2004,
  author	= "Rosenthal, Jeffrey",
  title		= "A First look at Rigorous Probability Theory",
  publisher	= "World Scientific Publishing",
  edition	= "2nd",
  year		= 2004,
  isbn		= "978-9812703712"
}


@Article{rota1964,
  author	= "Rota, G.-C.",
  title		= "On the foundations of combinatorial theory, I: Theory of M{\"o}bius functions",
  journal	= "Z. Wahrscheinlichkeitsth",
  volume	= 2,
  year		= 1964,
  pages		= "340--368"
}


@Article{roth1952,
  author	= "Roth, Klaus F.",
  title		= "Sur quelques ensumbles d'entiers",
  journal	= "C. R. Acad. Sci. Paris",
  volume	= 234,
  year		= 1952,
  pages		= "388--390",
  note		= "French"
}


@Article{roth1953,
  author	= "Roth, Klaus F.",
  title		= "On certain sets of integers",
  journal	= jlms,
  volume	= 29,
  year		= 1953,
  pages		= "104--109"
}


@Article{roth1954,
  author	= "Roth, Klaus F.",
  title		= "On certain sets of integers {II}",
  journal	= jlms,
  volume	= 29,
  year		= 1954,
  pages		= "20--26"
}


@Article{roth1955,
  author	= "Roth, Klaus F.",
  title		= "Rational approximations to algebraic numbers",
  journal	= "Mathematika",
  volume	= 2,
  year		= 1955,
  pages		= "1--20; corrigendum 2 (1955), 168"
}


@Article{rovelli1996,
  author	= "Rovelli, Carlo",
  title		= "Relational Quantum Mechanics",
  journal	= "International Journal of Theoretical Physics",
  volume	= 35,
  year		= 1996,
  pages		= "1637--1678"
}


@inCollection{ryle1949,
  author	= "Ryle, Gilbert",
  title		= "Descartes' Myth",
  booktitle	= "The Concept of Mind",
  publisher	= "Hutchinson",
  address	= "London",
  year		= 1949
}


@misc{sahai+waters2013,
  author	= "Sahai, A. and Waters, B.",
  title		= "How to Use Indistinguishability Obfuscation: Deniable Encryption, and More",
  howpublished	= {Cryptology ePrint Archive, Report 2013/454},
  year 		= 2013,
  note		= {\url{http://eprint.iacr.org/2013/454}}
}

@PhdThesis{sanders1969,
  author	= "Sanders, J.",
  title		= "A Generalization of {Schur's} Theorem",
  school	= "Yale University",
  year		= 1969
}

@misc{nakamoto2009,
  author	= "Nakamoto, S.",
  title		= {{Bitcoin}: A Peer-to-Peer Electronic Cash System},
  year		= 2009,
  note		= {\url{https://www.bitcoin.org/bitcoin.pdf}}
}

@inproceedings{schnorr1989,
  author	= "Schnorr, C. P.",
  title		= "Efficient Identification and Signatures for Smart Cards",
  booktitle	= {Proceedings of CRYPTO '89},
  year		= 1989,
  note		= "\url{ftp://utopia.hacktic.nl/pub/mirrors/Advances%20in%20Cryptology/HTML/PDF/C89/239.PDF}"
}

@Article{schoissengeier1986,
  author	= "Schoissengeier, J.",
  title		= "Absch{\"a}tzungen f{\"u}r $\sum_{n\leq N} B_1(n\alpha)$",
  journal	= "Monatshefte Math.",
  volume	= 102,
  year		= 1986,
  pages		= "59--77"
}


@Article{schoissengeier1984,
  author	= "Schoissengeier, J.",
  title		= "On the discrepency of $(n\alpha)$",
  journal	= "Acta Arithmetica",
  volume	= 64,
  year		= 1984,
  pages		= "241--279"
}


@Article{schur1916,
  author	= "Schur, Issai",
  title		= "Uber die Kongruenz $x^m + y^m \equiv z^m$ (mod $p$)",
  journal	= "Jahresber. Deutsch. Math.-Verein",
  volume	= 25,
  year		= 1916,
  pages		= "114--116"
}


@Article{segre1959,
  author	= "Segre, B.",
  title		= "On complete caps and ovaloids in three-dimensional {Galois} spaces of characteristic 2",
  journal	= "Acta Arith.",
  volume	= 5,
  year		= 1959,
  pages		= "315--332"
}


@Book{selmer1966,
  author	= "Selmer, E.S.",
  title		= "Linear recurrence relations over finite fields",
  publisher	= "Univ. Bergen",
  address	= "Bergen",
  year		= 1966,
  note		= "Mimeographed notes"
}


@Article{selmer1977,
  author	= "Selmer, E.S.",
  title		= "On the Linear {Diophantine} Problem of {Frobenius}",
  journal	= "J. Reine Angew. Math.",
  volume	= "293/294",
  year		= 1977,
  pages		= "1--17"
}


@Book{sepanski2007,
  author	= "Sepanski, Mark",
  title		= "Compact Lie Groups",
  publisher	= "Springer",
  series	= "Graduate Texts in Mathematics",
  volume	= 235,
  year		= 2007,
  isbn		= "978-0-387-30263-8"
}


@Article{series1985,
  author	= "Series, C.",
  title		= "The geometry of {Markoff} numbers",
  journal	= "Math. Intelligencer",
  volume	= 7,
  year		= 1985,
  pages		= "20--29"
}


@Article{sertoz1998,
  author	= "Sert{\"o}z, S.",
  title		= "On the number of solutions of a Diophantine equation of Frobenius",
  journal	= "Discrete Math. Appl.",
  volume	= 8,
  year		= 1998,
  pages		= "153--162"
}


@Article{sertoz+ozluk1986,
  author	= "Sert{\"o}z, S. and {\"O}zl{\"u}k, A.E.",
  title		= "On a Diophantine problem of {Frobenius}", 
  journal	= "Istanbul Tek. {\"U}niv. B{\"u}l",
  volume	= 39,
  year		= 1986,
  number	= 1,
  pages		= "41--51"
}


@Article{sertoz+ozluk1991,
  author	= "Sert{\"o}z, S. and {\"O}zl{\"u}k, A.E.",
  title		= "On the number of representations of an integer by a linear form",
  journal	= "Istanbul Tek. {\"U}niv. Fen Fak. Mat. Derg.",
  volume	= 50,
  year		= 1991,
  pages		= "67--77"
}


@Article{shallit1988,
  author	= "Shallit, Jeffrey",
  title		= "A Generalization of Automatic Sequences",
  journal	= "Theor. Comp. Sci.",
  volume	= 61,
  year		= 1988,
  pages		= "1--16"
}


@TechReport{shallit1991,
  author	= "Shallit, Jeffrey",
  title		= "Characteristic words as fixed points of homomorphisms",
  institution	= "Univ. of Waterloo, Dep. of Computer Science",
  number	= "CS-91-72",
  year		= "1991"
}


@Article{shallit1992,
  author	= "Shallit, Jeffrey",
  title		= "Real numbers with bounded partial quotients: a survey",
  journal	= "Enseign. Math.",
  volume	= 38,
  year		= 1992,
  pages		= "151--187"
}


@Article{sharma2009,
  author	= "Sharma, A.",
  title		= "Enumerating permutations that avoid three term arithmetic progressions",
  journal	= "Electron. J. Combin.",
  volume	= 16,
  year		= 2009,
  number	= 1,
  pages		= "\#R63"
}


@Article{shelah1988,
  author	= "Shelah, Saharon",
  title		= "Primitive recursive bounds for van der {Waerden} numbers",
  journal	= "J. Amer. Math. Soc.",
  volume	= 1,
  year		= 1988,
  pages		= "635--636"
}


@Article{shevrin1965,
  author	= "Shevrin, L.N.",
  title		= "On locally finite semigroups",
  journal	= "Doklady Akad. Nauk SSSR",
  volume	= 162,
  year		= 1965,
  pages		= "770--773",
  note		= "(= Soviet Math. Dokl. 6 (1965) 769.)"
}


@Misc{shevrin1967,
  author	= "Shevrin, L.N.",
  title		= "Personal communication",
  year		= 1967
}


@Article{sidorenko1988,
  author	= "Sidorenko, A.F.",
  title		= "An infinite permutation without arithmetic progressions",
  journal	= "Discrete Math.",
  volume	= 69,
  year		= 1988,
  pages		= 211
}


@Article{sierpinski1964,
  author	= "Sierpi\'nski, W.",
  title		= "Les binomes $x^2+n$ et les nombres premiers",
  journal	= "Bull. Soc. Royale Sciences Liege",
  volume	= 33,
  year		= 1964,
  pages		= "259--260"
}


@Article{sierpinski1909,
  author	= "Sierpi\'nski, W.",
  title		= "Pewne twierdzenie tyczace sie liczb niewymiernych. -- Un th\'eor\`eme sur les nombres irrationnels",
  journal	= "Bull. Internat. Acad. Polon. Sci. Lett. Cl. Sci. Math. Naturelles S\'er. A (Cracovie)",
  year		= 1909,
  pages		= "725--727"
}


@Article{siez1944,
  author	= "Siez, C.-S.",
  title		= "A general expression for Euler's $\varphi$-function",
  journal	= "J. Indian Math. Soc. (N.S.)",
  volume	= 8,
  year		= 1944,
  pages		= "91--94"
}


@Article{silver1961,
  author	= "Silver, Jack",
  title		= "Solution of {Problem E1424} proposed by {V. E. Hoggatt and Charles King}",
  journal	= "Amer. Math. Monthly",
  volume	= 68,
  year		= 1961,
  pages		= "179--180"
}


@Article{simmons1975,
  author	= "Simmons, G.J.",
  title		= "Solution to Problem E 2440",
  journal	= "Amer. Math. Monthly",
  volume	= 82,
  year		= 1975,
  pages		= "76--77"
}


@Book{sivaramakrishnan1989,
  author	= "Sivaramakrishnan, R.",
  title		= "Classical Theory of Arithmetic Functions",
  year		= 1989,
  publisher	= "Marcel Dekker",
  address	= "New York"
}


@Article{skolem1957,
  author	= "Skolem, Th.",
  title		= "On certain distributions of integers in pairs with given differences",
  journal	= "Math. Scand.",
  volume	= 5,
  year		= 1957,
  pages		= "57--68"
}


@Article{smerlak+rovelli2007,
  author	= "Smerlak, Matteo and Rovelli, Carlo",
  title		= "Relational {EPR}",
  journal	= "Foundations of Physics",
  volume	= 37,
  year		= 2007,
  pages		= "427 -- 445"
}


@Article{smith1876,
  author	= "Smith, H.J.S.",
  title		= "Note on continued fractions",
  journal	= "Messenger Math. (6)",
  year		= 1876,
  pages		= "1--14"
}


@Article{sos1957,
  author	= "S\'os, Vera T.",
  title		= "On the theory of Diophantine approximations I (On a problem of A. Ostrowski)",
  journal	= "Acta Math.",
  volume	= 8,
  year		= 1957,
  pages		= "461--472"
}


@Misc{spencerPC,
  author	= "Spencer, Joel H.",
  title		= "Personal communication"
}


@Article{spencer1979,
  author	= "Spencer, Joel H.",
  title		= "{Ramsey's} theorem for spaces",
  journal	= "Trans. Amer. Math. Soc.",
  volume	= 249,
  year		= 1979,
  pages		= "363--371"
}


@Article{sperner1928,
  author	= "Sperner, E.",
  title		= "Ein Satz {\"u}ber Untermengen einer endlichen Menge",
  journal	= "Math. Z.",
  volume	= 27,
  year		= 1928,
  pages		= "544--548"
}


@Book{stanley1986,
  author	= "Stanley, R.P.",
  title		= "Enumerative Combinatorics, Vol. 1",
  publisher	= "Wadsworth \& Brooks Co.",
  address	= "Monterey, California",
  year		= 1986
}


@Article{stevens+shantaram1978,
  author	= "Stevens, R.S. and Shantaram, R.",
  title		= "Computer-generater van der {Waerden} numbers",
  journal	= jctsa,
  volume	= 33,
  year		= 1982,
  pages		= "30--35"
}


@Article{stolarsky1976,
  author	= "Stolarsky, K.B.",
  title		= "Beatty sequences, continued fractions, and certain shift operators",
  journal	= "Canad. Math. Bull.",
  volume	= 19,
  year		= 1976,
  pages		= "473--482"
}


@book{storer1967,
  author	= "Storer, T.",
  title		= "Cyclotomy and difference sets",
  series	= "Lectures in Adv. Math.",
  volume	= 2,
  publisher	= "Markam",
  address	= "Chicago",
  year		= 1967
}


@inCollection{straubing1982,
  author	= "Straubing, H.",
  title		= "The Burnside problem for semigroups of matrices",
  booktitle	= "Combinatorics on Words, Progress and Perspectives",
  publisher	= "Academic Press",
  year		= 1982,
  pages		= "279--295"
}


@Article{swanepoel+pretorius1997,
  author	= "Swanepoel, C.J. and Pretorius, L.M.",
  title		= "A van der {Waerden} theorem for trees",
  journal	= "Bull. ICA",
  volume	= 21,
  year		= 1997,
  pages		= "108--111"
}


@Article{swanepoel+pretorius1994,
  author	= "Swanepoel, C.J. and Pretorius, L.M.",
  title		= "Upper Bounds for a Ramsey Theorem for Trees",
  journal	= "Graphs and Combin.",
  volume	= 10,
  year		= 1994,
  pages		= "337--382"
}


@misc{swanson2014,
  author	= "Swanson, T.",
  title		= {Bitcoins: Made in China},
  year		= 2014,
  note		= {\url{http://www.ofnumbers.com/wp-content/uploads/2014/05/Bitcoins-Made-in-China.pdf}}
}


@Article{sylvester1884,
  author	= "Sylvester, J.J.",
  title		= "Mathematical Questions with Their Solutions",
  journal	= "Educational Times",
  volume	= 41,
  year		= 1884,
  pages		= "21"
}


@Article{sylvester1882,
  author	= "Sylvester, J.J.",
  title		= "Excursus on rational fractions and partitions",
  journal	= "Amer. J. Math.",
  volume	= 5,
  year		= 1882,
  pages		= "119--136"
}


@Article{szabo1990,
  author	= "Szab\'o, Zolt\'an",
  title		= "An application of Lov\'asz' local lemma --- a new lower bound for the van der {Waerden} number",
  journal	= "Random Structures Algorithms",
  volume	= 1,
  year		= 1990,
  pages		= "343--360"
}

@misc{szabo1997,
  author	= "Szabo, N.",
  title		= "The Idea of Smart Contracts",
  year		= 1997,
  note		= "\url{http://szabo.best.vwh.net/idea.html}"
}

@Article{szemeredi1969,
  author	= "Szemer\'edi, E.",
  title		= "On sets of integers containing no four elements in arithmetic progression",
  journal	= "Acta Math. Acad. Sci. Hungar.",
  volume	= 20,
  year		= 1969,
  pages		= "89--104"
}


@Article{szemeredi1975,
  author	= "Szemer\'edi, E.",
  title		= "On sets of integers containing no $k$ elements in an arithmetic progression",
  journal	= "Acta. Arith.",
  volume	= 27,
  year		= 1975,
  pages		= "199--245",
  note		= "Collection of articles in memory of Jurii Vladimirovic Linnik"
}


@Article{taylor1981,
  author	= "Taylor, Alan D.",
  title		= "Bounds for the disjoint unions theorem",
  journal	= jctsa,
  volume	= 30,
  year		= 1981,
  pages		= "339--344"
}


@Article{taylor1982,
  author	= "Taylor, Alan D.",
  title		= "A note on van der {Waerden's} theorem",
  journal	= jctsa,
  volume	= 33,
  year		= 1982,
  pages		= "215--219"
}


@Article{thom1954,
  author	= "Thom, Ren\'e",
  title		= "Quelques propri\'et\'es globales des vari\'et\'es diff\'erentiables",
  journal	= "Comment. Math. Helv.",
  volume	= 28,
  pages		= "17--86",
  year		= 1954
}


@Article{thomas1975,
  author	= "Thomas, H.E., Jr.",
  title		= "Solution to Problem E 2440",
  journal	= "Amer. Math. Monthly",
  volume	= 82,
  year		= 1975,
  pages		= "75--76"
}


@Article{thue1906,
  author	= "Thue, A.",
  title		= "{\"U}ber unendliche Zeichenreihen",
  journal	= "Norske Vid. Selsk. Skr., I Mat.--Nat. Kl., Christiania",
  volume	= 7,
  year		= 1906,
  pages		= "1--22"
}


@Article{thue1912,
  author	= "Thue, A.",
  title		= "{\"Uber} die gegenseitige Lage gleicher Teile gewisser Zeichenreihen",
  journal	= "Skr. Vid. Kristiania, I Mat. Naturv. Klasse",
  volume	= 8,
  year		= 1912,
  pages		= "1--67"
}

@misc{todd2013,
  author	= "Todd, P.",
  title		= {Fidelity-bonded banks: decentralized, auditable, private, off-chain payments},
  year		= 2013,
  note		= {{BitcoinTalk} post, \url{https://bitcointalk.org/index.php?topic=146307.0}}
}

@Article{tripathi2000,
  author	= "Tripathi, A.",
  title		= "The number of solutionS to $ax + by = n$",
  journal	= "Fibonacci Quart.",
  volume	= 38,
  year		= 2000,
  pages		= "290--293"
}

@unpublished{tromp2014,
  author	= "Tromp, J.",
  title		= {Cuckoo Cycle: a memory-hard proof-of-work system},
  year		= 2014,
  note		= {\url{https://github.com/tromp/cuckoo}}
}

@Article{trotter+winkler1987,
  author	= "Trotter, W.T. and Winkler, P.",
  title		= "Arithmetic Progressions in Partially Ordered Sets",
  journal	= "Order",
  volume	= 4,
  year		= 1987,
  pages		= "37--42"
}


@Article{truss1991,
  author	= "Truss, J.K.",
  title		= "Small sets which meet all the $n$-term arithmetic progressions in the interval $[1,n^2]$",
  journal	= "Bull, London Math. Soc.",
  volume	= 23,
  year		= 1991,
  pages		= "123--127"
}


@Article{turan1941,
  author	= "Tur\'an, P.",
  title		= "On an Extremal Problem in Graph Theory",
  journal	= "Matem. \'es Physikai Lapok",
  volume	= 48,
  year		= 1941,
  pages		= "436--452"
}


@Article{turan1954,
  author	= "Tur\'an, P.",
  title		= "On the theory of graphs",
  journal	= "Colloquium Math.",
  volume	= 3,
  year		= 1954,
  pages		= "19--30"
}


@Article{wagstaff1979,
  author	= "Wagstaff Jr., S.S.",
  title		= "Some questions about arithmetic progressions",
  journal	= "Amer. Math. Monthly",
  volume	= 86,
  year		= 1979,
  pages		= "579--582"
}


@Article{walters2000,
  author	= "Walters, Mark",
  title		= "Combinatorial proofs of the polynomial van der Waerden theorem and the polynomial Hales-Jewitt theorem",
  journal	= jlms,
  number	= 2,
  volume	= 61,
  year		= 2000,
  pages		= "1--12"
}

@misc{waters2004,
    author = {Waters, B.},
    title = {Efficient Identity-Based Encryption Without Random Oracles},
    howpublished = {Cryptology ePrint Archive, Report 2004/180},
    year = {2004},
    note = {\url{http://eprint.iacr.org/2004/180}}
}

@Article{weil1937,
  author	= "Weil, Andr\'e",
  title		= "Sur les espaces \`a structure uniforme et sur la topologie g\'en\'erale",
  journal	= "Act. Sci. Ind.",
  volume	= 551,
  address	= "Paris",
  year		= 1937,
  pages		= "162"
}


@Article{wilf1992,
  author	= "Wilf, H.S.",
  title		= "Problem 10211",
  journal	= "American Math. Monthly",
  volume	= 99,
  year		= 1992,
  pages		= "361"
}


@Article{williams1970,
  author	= "Williams, Bernard",
  title		= "The Self and the Future",
  journal	= "Phil. Rev.",
  volume	= 79,
  number	= 2,
  year		= 1970,
  month		= "April",
  pages		= "161--180"
}


@Article{witten1988,
  author	= "Witten, Edward",
  title		= "Topological quantum field theory",
  journal	= "Comm. Math. Phys.",
  volume	= 117,
  year		= 1988,
  pages		= "353--386"
}


@Article{witten1989,
  author	= "Witten, Edward",
  title		= "Quantum Field Theory and the {Jones} Polynomial",
  journal	= "Comm. Math. Phys.",
  volume	= 121,
  pages		= "351--399",
  year		= 1989
}


@Article{witten1995,
  author	= "Witten, Edward",
  title		= "{Chernâ€“Simons} Theory as a String Theory",
  journal	= "Prog. Math.",
  volume	= 133,
  year		= 1995,
  pages		= "637â€“-678"
}

@Article{wright1961,
  author	= "Wright, E.M.",
  title		= "A simple proof of a known result in partitions",
  journal	= "Amer. Math. Monthly",
  volume	= 68,
  year		= 1961,
  pages		= "144--145"
}


@Article{wroblewski1984,
  author	= "Wroblewski, J.",
  title		= "A non-averaging set of integers with a large sum of reciprocals",
  journal	= "Math. Comp.",
  volume	= 43,
  year		= 1984,
  pages		= "261--262"
}

@misc{wuille2014,
  author	= "Wuille, P.",
  howpublished	= "{Bitcoin} Improvement Proposal",
  title		= "{BIP62}: Dealing with malleability",
  note		= "\url{https://github.com/bitcoin/bips/blob/master/bip-0062.mediawiki}",
  year		= 2014
}

@Book{vanlint+wilson1992,
  author	= "van Lint, J.H. and Wilson, R.M.",
  title		= "A Course in Combinatorics",
  publisher	= "Cambridge University Press",
  address	= "Cambridge",
  year		= 1992
}


@inBook{venkov1970,
  author	= "Venkov, B.A.",
  title		= "Elementary Number Theory",
  publisher	= "Wolters-Noordhoff",
  address	= "Groningen",
  year		= 1970,
  pages		= "65--68",
  note		= "Translated and edited by H. Alderson"
}


@Article{vanderwaerden1927,
  author	= "van der Waerden, B.L.",
  title		= "Beweis einer Baudetschen Vermutung",
  journal	= "Nieuw Arch. Wisk.",
  volume	= 15,
  year		= 1927,
  pages		= "212--216"
}


@inCollection{vanderwaerden1971,
  author	= "van der Waerden, B.L.",
  title		= "How the proof of Baudet's conjecture was found",
  booktitle	= "Studies in Pure Mathematics (Presented to Richard Rado)",
  publisher	= "Academic Press",
  address	= "London",
  series	= "Studies in Pure Mathematics",
  year		= 1971,
  pages		= "251--260",
}


@Unpublished{voigt,
  author	= "Voigt, B.",
  title		= "A {Ramsey} theorem for finite geometries",
  note		= "to appear"
}


@unpublished{vansaberhagen2013,
  author	= "van Saberhagen, N.",
  title		= {CryptoNote v 2.0},
  year		= 2013,
  note		= "\url{https://cryptonote.org/whitepaper.pdf}"
}


@Book{vonstackelberg1934,
  author	= "von Stackelberg, H.",
  title		= "Marktform und Gleichgewicht",
  publisher	= "Julius Springer",
  address	= "Berlin, Germany",
  year		= 1934
}


@Book{vonstackelberg1952,
  author	= "von Stackelberg, H.",
  title		= "The Theory of the Market Economy",
  publisher	= "William Hodge",
  address	= "London, England",
  year		= 1952,
  note		= "Translation and Introduction by A. T. Peacock"
}


@Book{yaglom+yaglom1967,
  author	= "Yaglom, A.M. and Yaglom, I.M.",
  title		= "Challenging mathematical problems with elementary solutions",
  volume	= 2, 
  publisher	= "Holden-Day",
  address	= "San Francisco",
  year		= 1967,
  note		= "Translated by J. McCawley, Jr. Revised and edited by ed. B. Gordon."
}


@Article{zeckendorf1972,
  author	= "Zeckendorf, E.",
  title		= "Representation des numbres naturels par une somme de nombres do {Fibonaci} ou de nombres de {Lucas}",
  journal	= "Bul. Soc. Royale Sci. Liege",
  volume	= 42,
  year		= 1972,
  pages		= "179--182"
}


@Unpublished{zeeman,
  author        = "Zeeman, E.C.",
  title         = "An algorithm for {Eudoxan} and anthipairetic ratios",
  note          = "preprint"
}

@misc{boneh+zhandry2013,
  author = "Boneh, D. and Zhandry, M.",
  title = {Multiparty Key Exchange, Efficient Traitor Tracing, and More from Indistinguishability Obfuscation},
  howpublished = {Cryptology ePrint Archive, Report 2013/642},
  year = {2013},
  note = {\url{http://eprint.iacr.org/2013/642}}
}



%%% MATH OVERFLOW

@MISC {MO134421,    
    TITLE = {{R}eference: uniformity of pointwise convergence has no countable base},    
    AUTHOR = {Simon Henry\phantom{x}(mathoverflow.net/users/22131)},    
    HOWPUBLISHED = {MathOverflow},    
    NOTE = {\url{http://mathoverflow.net/questions/134421} (version: 2013-06-21)},    
    EPRINT = {\url{http://mathoverflow.net/questions/134421}},    
    URL = {\url{http://mathoverflow.net/questions/134421}},    
}

